=LDR  04563 as a22010573  4500
=001  012432029
=003  Uk
=005  20100505081003.0
=006  m\\\\\\\\d\\\\\\\\
=007  cr\mnu\\\\\\\\
=008  000602c19899999nyuqr1pss\\\\\0\\\a0eng\d
=010  \\$a2003214648
=019  c\$a102384577
=022  0\$a1547-3325
=037  \\$bTaylor and Francis, Inc., 325 Chestnut Street, Ste. 800, Philadelphia, PA 19106
=040  \\$aF#A$cF#A$dOCLCQ$dNSD$dOCLCQ$dOCL$dNSD$dUk
=042  \\$ansdp$aukblsr
=050  10$aISSN RECORD
=082  04$a616.89005$222
=130  0\$aAnnals of clinical psychiatry (Online)
=222  \0$aAnnals of clinical psychiatry$b(Online)
=245  10$aAnnals of clinical psychiatry$h[electronic resource].
=260  \\$a[New York, N.Y.] :$bKluwer Academic-Plenum-Human Sciences Press
=260  3\$32009-$aMontvale, New Jersey :$bDowden Health Media
=310  \\$aQuarterly
=336  \\$atext$2rdacontent
=337  \\$acomputer$2rdamedia
=338  \\$aonline resource$2rdacarrier
=362  1\$aPrint began with vol. 1, no. 1 (Mar. 1989).
=500  \\$aPublished: Philadelphia, PA : Taylor and Francis, Inc., 2004-
=500  \\$aDescription based on: Vol. 12, no. 1 (2000); title from journal information screen (viewed May 1, 2000).
=530  \\$aAlso issued in print.
=538  \\$aMode of access: World Wide Web.
=540  \\$aBritish Library not licensed to copy$c0$5Uk
=550  \\$aOfficial journal of the American Academy of Clinical Psychiatrists.
=650  \0$aPsychiatry$vPeriodicals.
=710  2\$aAmerican Academy of Clinical Psychiatrists.
=776  1\$tAnnals of clinical psychiatry$x1040-1237
=852  41$aBritish Library$bDSC$j1040.245000$3mar-1997 VOL 9 PART 1-Volume 20:Issue 4(2008)***See ESTAR for full holdings.
=856  40$ahttp://www.aacp.com/
=945  \\$aAnnals of clinical psychiatry
=959  \\$fHeld but not currently received
=A02  \\$a102384577
=ACF  \\$aPrevious Copyright Fee: GBP29.37$c0$e28-Jan-2010$fGBP29.37$g0$hC$5Uk
=ACF  \\$aCurrent Copyright Fee: GBP58.75$c0$e01-oct-2009$fGBP58.75$g0$hC$5Uk
=ACF  \\$aPrevious copyright fee: GBP6.00$c0$e28-jul-2009$fGBP6.00$g0$hA$5Uk
=ACF  \\$aCurrent copyright fee: GBP20.00$c2\0$e01-jan-2009$fGBP20.00$g0$hP$5Uk
=ACF  \\$aPrevious copyright fee: GBP19.00$c2\0$e01-apr-2008$fGBP19.00$g0$hP$5Uk
=ACF  \\$aPrevious copyright fee: GBP20.00$c2\0$e01-jan-2007$fGBP20.00$g0$hP$5Uk
=ACF  \\$aPrevious copyright fee: GBP18.00$c2\0$e01-jan-2005$fGBP18.00$g0$hP$5Uk
=ACF  \\$aPrevious copyright fee: GBP15.00$c2\0$e01-jan-2004$fGBP15.00$g0$hP$5Uk
=ACF  \\$aCurrent copyright fee: GBP15.63$c4\4$e01-jan-2003$fGBP15.63$g0$hP$5Uk
=ACF  \\$aCurrent copyright fee: GBP13.87$c4\4$e01-oct-2002$fGBP13.87$g0$hP$5Uk
=CAT  \\$aCONV$b00$c20040425$lBLL90$h0712
=CAT  \\$aBATCH-UPD$b40$c20061122$lBLL01$h1117
=CAT  \\$aBATCH-UPD$b40$c20061229$lBLL01$h2014
=CAT  \\$aBATCH-UPD$b40$c20061229$lBLL01$h2104
=CAT  \\$aBATCH$b00$c20061229$lBLL01$h2151
=CAT  \\$aBATCH-UPD$b00$c20080221$lBLL01$h1442
=CAT  \\$aBATCH-UPD$b00$c20080330$lBLL01$h0755
=CAT  \\$aBATCH-UPD$b00$c20080330$lBLL01$h1553
=CAT  \\$aBATCH$b00$c20080330$lBLL01$h2254
=CAT  \\$aBATCH-UPD$b00$c20081119$lBLL01$h1513
=CAT  \\$aBATCH-UPD$b00$c20081231$lBLL01$h2310
=CAT  \\$aBATCH-UPD$b00$c20090101$lBLL01$h0045
=CAT  \\$aBATCH$b00$c20090101$lBLL01$h0220
=CAT  \\$a8464$b40$c20090728$lBLL01$h0956
=CAT  \\$a5552$b40$c20091001$lBLL01$h1427
=CAT  \\$aBATCH$b00$c20091210$lBLL01$h2329
=CAT  \\$a5552$b40$c20100128$lBLL01$h0904
=CAT  \\$a5997$b40$c20100505$lBLL01$h0810
=CAT  \\$aBATCH-UPD$b40$c20101201$lBLL01$h1248
=CAT  \\$aBATCH-UPD$b40$c20101221$lBLL01$h0848
=CAT  \\$aIPL-CLA$c20101231$lBLL01$h1508
=CAT  \\$aBATCH-UPD$b00$c20110907$lBLL01$h1825
=CAT  \\$aIPL-CLA$c20110908$lBLL01$h1740
=CAT  \\$aBATCH-CLA$b00$c20121109$lBLL01$h1734
=CAT  \\$aBATCH-CLA$b00$c20140125$lBLL01$h1303
=CAT  \\$aBATCH-CLA$c20140225$lBLL01$h2318
=CFI  0\$aBritish Library not licensed to copy$c0$e07-sep-2011$hC$iTX$5Uk
=CFI  2\$aPrevious copyright fee: GBP10.50$c0$e01-jan-2011$fGBP10.50$g0$hA$5Uk
=EST  \\$a1
=FIN  \\$aY$d20051213
=FMT  \\$a  SE
=LAS  \\$aBATCH-CLA$b00$c20140225$lBLL01$h2318
=LEO  \\$aMP10.0000629299
=MNI  \\$a1040-1237
=SID  \\$aZ39$bOCLC
=SRC  \\$aDSS01$bbibmp10.200404.2.aa
=TCO  \\$aTRS$bCCC$c008
=TOC  \\$aETOC

