=LDR  04035 as a2200925 a 4500
=001  014520753
=003  Uk
=005  20150909083617.0
=006  m\\\\\o\\d\\\\\\\\
=007  cr\|||||||||||
=008  080725c20089999au\qx\pso\\\\\0\\\b0ger\d
=FMT  \\$a  SE
=022  0\$a1865-1097$l1865-1089
=035  \\$a(OCoLC)236096513$z(OCoLC)830945659
=040  \\$aIWA$beng$cIWA$dOCLCQ$dKSU$dCIT$dVPI$dOCLCQ$dOCLCF$dTXA$dERD$dOCLCO$dUk
=041  0\$ager$aeng
=042  \\$aukblsr
=043  \\$ae------
=050  \4$aD1056$b.E97
=082  04$a305.8009405$223
=210  1\$aEur. J. Minderh.fr.$b(Internet)
=222  \0$aEuropäisches Journal für Minderheitenfragen$b(Internet)
=245  00$aEuropäisches Journal für Minderheitenfragen$h[electronic resource].
=246  1\$aEJM
=264  \1$32008-Mar. 2012:$aAustria :$bSpringer-Verlag,$c2008-
=264  31$3June 2012- :$a[Austria] :$bVerlag Oesterreich
=310  \\$a4 no. a year
=336  \\$atext$btxt$2rdacontent
=337  \\$acomputer$bc$2rdamedia
=338  \\$aonline resource$bcr$2rdacarrier
=362  1\$aBegan with: Vol. 1, no. 1 (Jan. 2008).
=540  \\$aCurrent copyright fee: GBP22.00$c0$5Uk
=546  \\$aChiefly in German with some articles in English.
=588  \\$aVol. 1, no. 1 (Jan., 2008); title from contents page (SpringerLink, viewed 25 July 2008).
=588  \\$aLatest issue consulted: Vol. 5. issue 4 (Dec. 2012) (SpringerLink, viewed September 9, 2015).
=650  \0$aMinorities$zEurope$vPeriodicals.
=650  \7$aMinorities.$2fast$0(OCoLC)fst01023088
=651  \7$aEurope.$2fast$0(OCoLC)fst01245064
=655  \7$aPeriodicals.$2fast$0(OCoLC)fst01411641
=690  7\$aSocial Welfare$2blcoll
=773  0\$tSpringerLINK Contemporary eJournals (IReL)$dSpringer Verlag
=776  08$iPrint version:$tEuropäisches Journal für Minderheitenfragen$x1865-1089
=856  40$uhttp://www.springerlink.com/content/120997
=856  40$uhttp://www.metapress.com/openurl.asp?genre=journal&issn=1865-1089
=856  4\$3Full text available: 2008 to present$uhttp://elib.tcd.ie/login?url=http://link.springer.com/openurl.asp?genre=journal&issn=1865-1089$zFull text available in SpringerLINK Contemporary eJournals (IReL)
=852  41$aBritish Library$bDSC$j3829.440795$3Volume 1:Issue 1(2008)-Volume 5:Issue 4(2012)***See ESTAR for full holdings.
=945  \\$aEuropaisches journal fur minderheitenfragen
=959  \\$fHeld but not currently received
=985  \\$aStill being published in 2014
=CAT  \\$a7174$b40$c20080213$lBLL01$h1414
=CAT  \\$a7174$b40$c20080213$lBLL01$h1417
=CAT  \\$a8153$b40$c20080221$lBLL01$h1104
=CAT  \\$aBATCH-UPD$b40$c20081119$lBLL01$h1531
=CAT  \\$aBATCH-UPD$b40$c20081231$lBLL01$h2327
=CAT  \\$aBATCH-UPD$b40$c20090101$lBLL01$h0057
=CAT  \\$aBATCH$b00$c20090101$lBLL01$h0232
=CAT  \\$aBATCH-UPD$b00$c20090319$lBLL01$h1041
=CAT  \\$aBATCH-UPD$b00$c20090331$lBLL01$h2318
=CAT  \\$aBATCH-UPD$b00$c20090401$lBLL01$h0047
=CAT  \\$aBATCH$b00$c20090401$lBLL01$h0217
=CAT  \\$aWR10_164$c20101215$lBLL01$h1511
=CAT  \\$a5552$b40$c20120607$lBLL01$h0857
=CAT  \\$aIPL-CLA$c20120629$lBLL01$h1038
=CAT  \\$aBATCH-CLA$b00$c20121109$lBLL01$h1723
=CAT  \\$a12654$b40$c20130626$lBLL01$h1602
=CAT  \\$a8124$b40$c20150909$lBLL01$h0836
=CAT  \\$aBATCH-SWP$c20150918$lBLL01$h2211
=CAT  \\$aBATCH-CLA$b00$c20151127$lBLL01$h1631
=CAT  \\$aWR15058$c20151230$lBLL01$h1441
=CFI  0\$aCurrent copyright fee: GBP22.00$c0$e01-jul-2012$fGBP22.00$g0$hC$5Uk
=CFI  2\$aPrevious copyright fee: GBP22.00$c23\6$e01-apr-2009$fGBP22.00$g0$hP$5Uk
=EST  \\$a1
=FIN  \\$aY$d20150909
=MNI  \\$a1865-1089
=SID  \\$aZ39$bOCLC
=TCO  \\$aXXX$c008
=TOC  \\$aETOC
=ACF  \\$aPrevious copyright fee: GBP21.25$c23\6$e01-jan-2009$fGBP21.25$g0$hP$5Uk
=ACF  \\$aPrevious Copyright Fee: GBP16.75$c23\6$e13-feb-2008$fGBP16.75$g0$hP$5Uk
=LAS  \\$aWR15058$b00$c20151230$lBLL01$h1441

