=LDR  04766cas a2201081 a 4500
=001  016631709
=003  Uk
=005  20230511163059.0
=006  m\\\\\o\\d\\\\\\\\
=007  cr\cnu||||||||
=008  050729c20039999pauqr\pso\\\\\0\\\a0eng\c
=FMT  \\$a  SE
=010  \\$a2005214982
=016  7\$a2462628-4$2DE-600
=022  0\$a1557-1289$l1552-8855$21
=035  \\$a(OCoLC)61171598
=040  \\$aNSD$beng$cNSD$dNSD$dOCLCQ$dHEBIS$dEUE$dTEF$dOCLCQ$dOPELS$dUk
=042  \\$aukblsr
=050  \4$aRC683.5.I5
=060  \4$aW1
=082  10$a617.41$223
=130  0\$aJournal of the Association for Vascular Access (Online)
=222  \0$aJournal of the Association for Vascular Access$b(Online)
=245  10$aJournal of the Association for Vascular Access$h[electronic resource].
=246  3\$aJAVA
=260  \\$aDraper, Utah :$bAssociation for Vascular Access,$c[2003]-
=264  31$aPhiladelphia :$bElsevier
=310  \\$aQuarterly
=336  \\$atext$2rdacontent
=337  \\$acomputer$2rdamedia
=338  \\$aonline resource$2rdacarrier
=362  0\$aVol. 8, no. 3 (Sept. 2003)-
=500  \\$aTitle from title screen (publisher's Web site viewed Dec. 15, 2006).
=530  \\$aAlso issued in print.
=588  \\$aLatest issue consulted: Volume 19, issue 1 (March 2014) (ScienceDirect, viewed May 6, 2014).
=540  \\$aCurrent copyright fee: GBP34.00$c0$5Uk
=650  \0$aIntravenous catheterization$vPeriodicals.
=650  12$aCatheterization, Central Venous$vPeriodicals.
=650  22$aCatheterization, Peripheral$vPeriodicals.
=650  22$aCatheters, Indwelling$vPeriodicals.
=655  \4$aElectronic journals.
=710  2\$aAssociation for Vascular Access.
=776  1\$tJournal of the Association for Vascular Access$x1552-8855
=780  00$tJournal of vascular access devices (Online)
=856  40$3ClinicalKey$uhttp://www.clinicalkey.com.au/dura/browse/journalIssue/15528855
=856  40$3ClinicalKey$uhttp://www.clinicalkey.com/dura/browse/journalIssue/15528855
=856  40$uhttp://www.avainfo.org
=856  40$uhttp://www.ingentaconnect.com$zconnect to title in Ingentaconnect
=856  40$uhttp://www.sciencedirect.com/science/journal/15528855
=852  41$aBritish Library$bDSC$j4663.422520$3Volume 19:Issue 1(2014)-Volume 22:Issue 4(2017)***See ESTAR for full holdings.
=945  \\$aJAVA - association for vascular access-.
=959  \\$fHeld but not currently received
=979  \\$aBritish Library$bDSC$j4663.422520
=CAT  \\$a12654$b40$c20140218$lBLL01$h0907
=CAT  \\$a8124$b40$c20140506$lBLL01$h1007
=CAT  \\$a8124$b40$c20140506$lBLL01$h1011
=CAT  \\$aBLDSS-3PM$b00$c20141222$lBLL01$h1721
=CAT  \\$aBATCH-UPD$b00$c20160605$lBLL01$h0837
=CAT  \\$aBATCH-UPD$b00$c20171121$lBLL01$h1755
=CAT  \\$aIPL-CLA$c20171231$lBLL01$h1823
=CAT  \\$aW1805-0471$c20180520$lBLL01$h1140
=CAT  \\$a5552$b40$c20181016$lBLL01$h1100
=CAT  \\$aIPL-CLA$c20181231$lBLL01$h1553
=CAT  \\$aDEL-3PM$c20190115$lBLL01$h1428
=CAT  \\$aBATCH-CLA$b00$c20190321$lBLL01$h1905
=CAT  \\$aIPL-CLA$c20190331$lBLL01$h1731
=CAT  \\$aBATCH-CLA$b00$c20190621$lBLL01$h1540
=CAT  \\$aIPL-CLA$c20190630$lBLL01$h1548
=CAT  \\$aBATCH-CLA$b00$c20190924$lBLL01$h1910
=CAT  \\$aIPL-CLA$c20190930$lBLL01$h1653
=CAT  \\$aBATCH-CLA$b00$c20210328$lBLL01$h1315
=CAT  \\$aIPL-CLA$c20210331$lBLL01$h1703
=CAT  \\$aBATCH-CLA$b00$c20221206$lBLL01$h1722
=CAT  \\$aIPL-CLA$c20221231$lBLL01$h1452
=CAT  \\$a5410$b40$c20230411$lBLL01$h1040
=CAT  \\$a12654$b40$c20230412$lBLL01$h0737
=CAT  \\$aBATCH-FIX$c20230511$lBLL01$h1630
=CFI  0\$aCurrent copyright fee: GBP34.00$c0$e12-apr-2023$fGBP34.00$g0$hC$5Uk
=CFI  2\$aBritish Library not licensed to copy$c0$e01-jan-2023$hC$iCFP Excluded$5Uk
=EST  \\$a1
=FIN  \\$aY$d20140506
=LKR  \\$aPAR$b010482269$lBLL01$nJournal of the Association for Vascular Access (Print)$mJournal of the Association for Vascular Access (Online)$r776
=MNI  \\$a1552-8855
=SID  \\$aZ39$bOCLC
=TOC  \\$aETOC
=ACF  \\$aPrevious Copyright Fee: GBP34.00$c0$e01-apr-2021$fGBP34.00$g0$hC$5Uk
=ACF  \\$aPrevious copyright fee: GBP22.50$c5\1$e18-feb-2014$fGBP22.50$g0$hP$5Uk
=ACF  \\$aPrevious copyright fee: GBP23.40$c5\1$e01-jan-2018$fGBP23.40$g0$hP$5Uk
=ACF  \\$aPrevious copyright fee: GBP17.50$c0$e01-jan-2019$fGBP17.50$g0$hA$5Uk
=ACF  \\$aPrevious Copyright Fee: GBP23.40$c0$e01-apr-2019$fGBP23.40$g0$hC$5Uk
=ACF  \\$aPrevious Copyright Fee: GBP17.50$c0$e01-jul-2019$fGBP17.50$g0$hC$5Uk
=ACF  \\$aPrevious Copyright Fee: GBP23.40$c0$e01-oct-2019$fGBP23.40$g0$hC$5Uk
=LAS  \\$aBATCH-FIX$b00$c20230511$lBLL01$h1630

