=LDR  05100aas a2201177 a 4500
=001  011453492
=003  Uk
=005  20161102084052.0
=007  cr||||||||||||
=008  990208c19839999ne\mr\poo\\\\\0\\\a0eng\\
=FMT  \\$a  SE
=019  c\$a556252482
=022  \\$a1365-2397$l0263-5046$y0263-5046
=035  \\$a(OCoLC)754544835$z(OCoLC)556252482
=040  \\$aOCLCE$beng$cOCLCE$dBRK$dOCLCQ$dOCLCF$dOCLCO$dUk
=041  1\$aeng$hrus
=042  \\$aukblsr
=050  \4$aTN269$b.F49
=050  \4$aQC801
=082  04$a622.15$223
=130  0\$aFirst break (Online)
=210  0\$aFirst break$b(Online)
=222  \0$aFirst break$b(Online)
=245  10$aFirst break$h[electronic resource].
=246  1\$iSome issues have running title:$aEAEG conference issue
=260  \\$aOxford :$bBlackwell Scientific in association with the European Association of Exploration Geophysicists
=264  21$31996-$aOxford :$bBlackwell Science on behalf of the European Association of Geoscientists & Engineers
=264  31$3[2003?]-$a[Houten] :$bEAGE Publications
=300  \\$billustrations (black and white, and colour)
=310  \\$aMonthly
=336  \\$atext$2rdacontent
=337  \\$acomputer$2rdamedia
=338  \\$aonline resource$2rdacarrier
=362  1\$aPrint began with: Vol. 1, no. 1 (Jan. 1983).
=500  \\$aAlso issued in Russian and Spanish.
=500  \\$aTitle from cover.
=500  \\$aSome issues include papers and reports from the EAEG Annual Meeting.
=500  \\$aLatest issue consulted: Vol. 20, no. 7 (July 2000).
=550  \\$aPublished in association with: the European Association of Exploration Geophysicists, 1983-<1987>.
=550  \\$aIssued by: European Association of Geoscientists and Engineers, <Nov. 2001>-
=588  \\$aDescription based on print version record.
=588  \\$aLatest issue consulted: volume 34, issue 8 (August 2016) (publisher's website, viewed August 10, 2016).
=540  \\$aBritish Library not licensed to copy$c0$5Uk
=650  \0$aPetroleum industry and trade$vPeriodicals.
=650  \0$aProspecting$xGeophysical methods$vPeriodicals.
=650  \0$aPetroleum$xProspecting$vPeriodicals.
=650  \0$aGeophysics$vPeriodicals.
=655  \7$aPeriodicals.$2fast
=710  2\$aEuropean Association of Geoscientists and Engineers.
=710  2\$aEuropean Association of Exploration Geophysicists.
=710  2\$aEuropean Association of Exploration Geophysicists.$bMeeting.
=776  08$iAlso issued in print as:$tFirst break$x0263-5046
=856  40$uhttp://fb.eage.org/publication/allissues/page/1/?
=856  40$31997-2002$uhttp://onlinelibrary.wiley.com/journal/10.1111/(ISSN)1365-2397/issues
=856  \\$uhttp://estar.bl.uk/cgi-bin/sciserv.pl?collection=journals&journal=02635046
=852  41$aBritish Library$bDSC$j3934.438000$3Volume 18:Issue 1(2000:Jan.)-Volume 20:Issue 12(2002:Dec.)
=945  \\$aFirst break
=959  \\$fCurrently received
=985  \\$aCorrected by BSS-generated file for WR# 08/157
=985  \\$aISSN UK Centre note: ISSN responsibility transferred to IC 1.9.16.
=CAT  \\$aCONV$b00$c20040425$lBLL90$h0849
=CAT  \\$a7174$b40$c20041126$lBLL01$h1657
=CAT  \\$a5552$b40$c20041129$lBLL01$h1154
=CAT  \\$a5552$b40$c20050317$lBLL01$h1545
=CAT  \\$c20050927$lBLL01$h1119
=CAT  \\$c20051128$lBLL01$h1316
=CAT  \\$c20051230$lBLL01$h1958
=CAT  \\$c20051230$lBLL01$h2127
=CAT  \\$c20051230$lBLL01$h2306
=CAT  \\$aglobal_upd$b40$c20060417$lBLL01$h1817
=CAT  \\$aBATCH-UPD$b40$c20060901$lBLL01$h0948
=CAT  \\$aBATCH-UPD$b40$c20060901$lBLL01$h1025
=CAT  \\$aBLSS-CORR$b00$c20081105$lBLL01$h1603
=CAT  \\$aBATCH$b00$c20081105$lBLL01$h1604
=CAT  \\$aBATCH$b00$c20091210$lBLL01$h0501
=CAT  \\$aBATCH$b00$c20091214$lBLL01$h0704
=CAT  \\$aWR10_164$c20101215$lBLL01$h1510
=CAT  \\$a5552$b40$c20110622$lBLL01$h1032
=CAT  \\$aBATCH-UPD$b40$c20110823$lBLL01$h1521
=CAT  \\$aBATCH-CLA$b00$c20121108$lBLL01$h1736
=CAT  \\$aWR12_128$c20121113$lBLL01$h1840
=CAT  \\$a8323$b40$c20160810$lBLL01$h0926
=CAT  \\$a10973$b40$c20160810$lBLL01$h1057
=CAT  \\$a10973$b40$c20160901$lBLL01$h1048
=CAT  \\$a8323$b40$c20161102$lBLL01$h0839
=CAT  \\$a8323$b40$c20161102$lBLL01$h0840
=CFI  0\$aBritish Library not licensed to copy$c0$e22-jun-2011$hC$iCFP Excluded$5Uk
=CFI  2\$aPrevious copyright fee: GBP22.00$c10\0$e01-jan-2006$fGBP22.00$g0$hP$5Uk
=EST  \\$a1
=FIN  \\$aY
=LEO  \\$aMP22.0000051930
=LKR  \\$aPAR$b011634818$lBLL01$r776$mFirst break (Online)$nFirst break (Print)
=MNI  \\$a0263-5046
=SID  \\$aZ39$bOCLC
=SRC  \\$aISN01$bbibmp22.200404.2.aa
=TCO  \\$aCLA$bCLA$c008
=TOC  \\$aETOC
=ACF  \\$aPrevious copyright fee: GBP15.00$c10\0$e17-mar-2005$fGBP15.00$g0$hP$5Uk
=ACF  \\$aCurrent copyright fee: GBP5.00$c0$e29-nov-2004$fGBP5.00$g0$hA$5Uk
=ACF  \\$aCurrent copyright fee: GBP15.00$c10\0$e01-oct-2004$fGBP15.00$g0$hP$5Uk
=LAS  \\$a8323$b40$c20161102$lBLL01$h0840

