=LDR  05218cas a2201153 a 4500
=001  016627668
=003  Uk
=005  20230511163059.0
=006  m\\\\\o\\d\\\\\\\\
=007  cr\un|||||||||
=008  050615c19739999sp\br\pso\\\\\0\\\b0spa\d
=FMT  \\$a  SE
=022  \\$a1578-1267
=035  \\$a(OCoLC)60639229
=040  \\$aOCLCS$beng$cOCLCS$dOCLCS$dCCO$dOCLCQ$dOPELS$dOCLCF$dUk
=041  0\$aspa$aeng
=042  \\$aukblsr
=050  \4$aRC583
=060  \4$aW1$bAL563
=082  04$a616.97$223
=130  0\$aAllergologia et immunopathologia (Online)
=222  \0$aAllergologia et immunopathologia$b(Internet)
=245  10$aAllergologia et immunopathologia$h[electronic resource].
=260  \\$aMadrid :$bGráficas Orbe
=264  31$b[Barcelona] :$aElsevier Doyma
=310  \\$aBimonthly
=336  \\$atext$2rdacontent
=337  \\$acomputer$2rdamedia
=338  \\$aonline resource$2rdacarrier
=362  1\$aBegan with v. 1 in enero/feb. 1973.
=525  \\$aSome vols. have supplements.
=530  \\$aAlso issued in print.
=538  \\$aMode of access: World Wide Web.
=546  \\$aArticles in Spanish or English.
=550  \\$aOfficial organ of the Sociedad Española de Alergia, Sociedad Latinoamericana de Alergia e Inmunologia, and International Association of Asthmology.
=588  \\$aDescription based on print version record.
=588  \\$aLatest issue consulted: Volume 42, issue 1 (January 2014-February 2014)(ScienceDirect, viewed March 18. 2014).
=540  \\$aCurrent copyright fee: GBP34.00$c0$5Uk
=650  \2$aAllergy and Immunology$vPeriodicals.
=650  \2$aHypersensitivity$vPeriodicals.
=650  \0$aAllergy$vPeriodicals.
=650  \0$aImmunopathology$vPeriodicals.
=650  \7$aAllergy.$2fast
=650  \7$aImmunopathology.$2fast
=655  \7$aPeriodicals.$2fast
=710  2\$aInternational Association of Asthmology.
=710  2\$aSociedad Española de Alergia.
=710  2\$aSociedad Española de Inmunología Clínica y Alergología Pediátrica.
=710  2\$aSociedad Latinoamericana de Alergia e Inmunología.
=770  0\$tAllergologia et immunopathologia. Supplementum
=776  08$iAlso issued in print as:$tAllergologia et immunopathologia$x0301-0546
=856  40$3ClinicalKey$uhttp://www.clinicalkey.com.au/dura/browse/journalIssue/03010546
=856  40$3ClinicalKey$uhttp://www.clinicalkey.com/dura/browse/journalIssue/03010546
=856  40$uhttp://rzblx1.uni-regensburg.de/ezeit/warpto.phtml?colors=7&jour%5Fid=34170
=856  40$uhttp://www.niwi.knaw.nl/cgi-bin/opac%5Fseek%5Fjournal.pl?language=us&dbc=C&bpn=03010546
=856  40$uhttp://www.sciencedirect.com/science/journal/03010546
=852  \\$aBritish Library$bDSC$j0790.930000$3Volume 42:Issue 1(2014)-Volume 44:Issue 6(2016)***See ESTAR for full holdings.
=945  \\$aAllergologia et immunopathologia.
=959  \\$fHeld but not currently received
=979  \\$aBritish Library$bDSC$j0790.930000
=985  \\$aAC: "Sociedad Espanola de Inmunologia Clinical y Alergologia Pediatrica" not on NACO in this exact form ("Clinical" is missing from the heading).
=CAT  \\$a12654$b40$c20140211$lBLL01$h1421
=CAT  \\$a8483$b40$c20140318$lBLL01$h1057
=CAT  \\$a8483$b40$c20140318$lBLL01$h1059
=CAT  \\$a8483$b40$c20140318$lBLL01$h1102
=CAT  \\$a8483$b40$c20140318$lBLL01$h1115
=CAT  \\$a8483$b40$c20140318$lBLL01$h1116
=CAT  \\$a5552$b40$c20140701$lBLL01$h1157
=CAT  \\$aBATCH-UPD$b40$c20141012$lBLL01$h1518
=CAT  \\$aBLDSS-3PM$b00$c20141222$lBLL01$h1721
=CAT  \\$aBATCH-UPD$b00$c20160620$lBLL01$h0227
=CAT  \\$aBATCH-UPD$b00$c20171121$lBLL01$h1755
=CAT  \\$aIPL-CLA$c20171231$lBLL01$h1823
=CAT  \\$aW1805-0471$c20180520$lBLL01$h1140
=CAT  \\$aBATCH-UPD$b00$c20190521$lBLL01$h1446
=CAT  \\$aIPL-CLA$c20190630$lBLL01$h1548
=CAT  \\$a5552$b40$c20210614$lBLL01$h1149
=CAT  \\$aDEL-3PM$c20210628$lBLL01$h1412
=CAT  \\$aBATCH-CLA$b00$c20210928$lBLL01$h1457
=CAT  \\$aIPL-CLA$c20210930$lBLL01$h1529
=CAT  \\$aBATCH-CLA$b00$c20221206$lBLL01$h1703
=CAT  \\$aIPL-CLA$c20221231$lBLL01$h1452
=CAT  \\$a5410$b40$c20230414$lBLL01$h1552
=CAT  \\$a12654$b40$c20230417$lBLL01$h0928
=CAT  \\$aBATCH-FIX$c20230511$lBLL01$h1630
=CFI  0\$aCurrent copyright fee: GBP34.00$c0$e17-apr-2023$fGBP34.00$g0$hC$5Uk
=CFI  2\$aBritish Library not licensed to copy$c0$e01-jan-2023$hC$iCFP Excluded$5Uk
=EST  \\$a1
=FIN  \\$aY$d20140318
=LKR  \\$aPAR$b009827512$lBLL01$r776$mAllergologia et immunopathologia (Online)$nAllergologia et immunopathologia (Print)
=MNI  \\$a0301-0546
=SID  \\$aZ39$bOCLC
=TOC  \\$aETOC
=ACF  \\$aPrevious Copyright Fee: GBP34.00$c0$e01-oct-2021$fGBP34.00$g0$hC$5Uk
=ACF  \\$aPrevious copyright fee: GBP22.50$c5\1$e11-feb-2014$fGBP22.50$g0$hP$5Uk
=ACF  \\$aPrevious copyright fee: GBP32.84$c5\1$e01-jul-2019$fGBP32.84$g0$hP$5Uk
=ACF  \\$aPrevious copyright fee: GBP23.40$c5\1$e01-jan-2018$fGBP23.40$g0$hP$5Uk
=ACF  \\$aPrevious Copyright Fee: GBP22.50$c0$e14-jun-2021$fGBP22.50$g0$hA$5Uk
=LAS  \\$aBATCH-FIX$b00$c20230511$lBLL01$h1630

