=LDR  05135cas a2201153 a 4500
=001  015788585
=003  Uk
=005  20230511163024.0
=006  m\\\\\\\\d\\||||||
=007  cr\cnu||||||||
=008  100429c19089999fr\qx\p\s\\\\\0\\\b0fre\d
=FMT  \\$a  SE
=022  \\$a1961-9049$y0037-9085
=035  \\$a(OCoLC)610122500
=040  \\$aOCLCE$beng$cOCLCE$dUk
=042  \\$aukblsr
=050  \4$aRB1$b.S6
=060  \4$aW1$bBU511P
=082  04$a616.988305$222
=130  0\$aBulletin de la Société de pathologie exotique (Online)
=210  0\$aBull. SPE
=222  \0$aBulletin de la SPE
=245  10$aBulletin de la Société de pathologie exotique$h[electronic resource].
=246  13$aBulletins
=246  1\$aBulletin de la Société de pathologie exotique et de ses filiales,$f1937-1989
=246  1\$aBulletins de la Société de pathologie exotique et de ses filiales de l'Ouest africain et de Madagascar,$f1928-1937
=246  1\$aBulletins de la Société de pathologie exotique et de sa filiale de l'Ouest-africain,$f1922-1927
=246  1\$aBulletins de la Société de pathologie exotique et de ses filiales,$f1908-
=260  \\$aParis :$bMasson
=260  2\$31996-2009$aParis :$bSociété de pathologie exotique
=260  2\$32010-$aParis :$bSpringer
=264  31$32015-$a[Paris?] :$bLavoisier
=310  \\$aFive issues yearly,$b<2010>-
=321  \\$aQuarterly,$b<1990>-
=321  \\$aBimonthly,$b1942-
=321  \\$aTen issues yearly,$b<1937>-1941
=321  \\$aFive issues yearly
=336  \\$atext$2rdacontent
=337  \\$acomputer$2rdamedia
=338  \\$aonline resource$2rdacarrier
=362  1\$aPrint began with tome 1 (janv. 1908).
=555  \\$aVols. 1-25.
=588  \\$aDescription based on print version record.
=588  \\$aLatest issue consulted: Volume 109, number 3 (2016) (Revuesonline, Lavoisier, viewed November 3, 2016).
=540  \\$aCurrent Copyright Fee: GBP29.95$c0$5Uk
=650  \0$aTropical medicine$vPeriodicals.
=710  2\$aSociété de pathologie exotique.
=776  1\$iPrint:$tBulletin de la Société de pathologie exotique$x0037-9085
=856  4\$32010-$uhttp://www.springerlink.com/content/0037-9085
=856  40$uhttp://www.pathexo.fr/pages/bulletin.html
=856  40$uhttp://bspe.revuesonline.com/resnum.jsp?editionId=3133
=852  41$aBritish Library$bDSC$j2747.370000$3Volume 103:Issue 5(2010)-Volume 107:Issue 5(2014)***See ESTAR for full holdings.
=945  \\$aBulletin- Societe de Pathologie exotique
=959  \\$fHeld but not currently received
=CAT  \\$a8464$b40$c20110411$lBLL01$h1458
=CAT  \\$a8323$b40$c20110427$lBLL01$h1324
=CAT  \\$aBATCH-UPD$b40$c20120812$lBLL01$h1914
=CAT  \\$aIPL-CLA$c20120812$lBLL01$h2029
=CAT  \\$aBATCH-UPD$b00$c20121121$lBLL01$h1621
=CAT  \\$aIPL-CLA$c20121231$lBLL01$h1331
=CAT  \\$aIPL-CLA$c20130102$lBLL01$h1807
=CAT  \\$aBATCH-UPD$b00$c20130522$lBLL01$h1723
=CAT  \\$aIPL-CLA$c20130701$lBLL01$h0143
=CAT  \\$aBATCH-UPD$b00$c20131119$lBLL01$h2030
=CAT  \\$aIPL-CLA$c20140101$lBLL01$h0144
=CAT  \\$aBATCH-UPD$b00$c20140527$lBLL01$h2054
=CAT  \\$aBATCH-CLA$c20140528$lBLL01$h1808
=CAT  \\$aIPL-CLA$c20140630$lBLL01$h1752
=CAT  \\$aBLDSS-3PM$b00$c20150103$lBLL01$h1048
=CAT  \\$aBATCH-UPD$b00$c20150219$lBLL01$h1744
=CAT  \\$a8055$b40$c20150326$lBLL01$h1307
=CAT  \\$a5552$b40$c20150326$lBLL01$h1407
=CAT  \\$a8124$b40$c20161103$lBLL01$h0840
=CAT  \\$a8124$b40$c20161103$lBLL01$h0841
=CAT  \\$aBATCH-CLA$b00$c20161222$lBLL01$h1833
=CAT  \\$aIPL-CLA$c20161230$lBLL01$h2353
=CAT  \\$aBATCH-CLA$b00$c20171222$lBLL01$h2207
=CAT  \\$aIPL-CLA$c20171231$lBLL01$h1807
=CAT  \\$a12654$b40$c20190812$lBLL01$h0733
=CAT  \\$a12654$b40$c20190812$lBLL01$h0734
=CAT  \\$aBATCH-FIX$c20230511$lBLL01$h1630
=CFI  0\$aCurrent Copyright Fee: GBP29.95$c0$e12-aug-2019$fGBP29.95$g0$hC$5Uk
=CFI  2\$aPrevious Copyright Fee: GBP17.50$c0$e01-jan-2018$fGBP17.50$g0$hA$5Uk
=EST  \\$a1
=FIN  \\$aY$d20110427
=LKR  \\$aPAR$b013785559$lBLL01$nBulletin de la Société de pathologie exotique (Print)$mBulletin de la Société de pathologie exotique (Online)$r776
=MNI  \\$a0037-9085
=SID  \\$aZ39$bOCLC
=TCO  \\$aFRA$bCFC$c008
=TOC  \\$aETOC
=ACF  \\$aPrevious Copyright Fee: GBP15.00$c0$e01-jan-2017$fGBP15.00$g0$hA$5Uk
=ACF  \\$aPrevious copyright fee: GBP22.00$c22\3$e11-apr-2011$fGBP22.00$g0$hP$5Uk
=ACF  \\$aPrevious copyright fee: GBP22.00$c22\3$e12-aug-2012$fGBP22.00$g0$hP$5Uk
=ACF  \\$aPrevious copyright fee: GBP25.00$c22\3$e01-jan-2013$fGBP25.00$g0$hP$5Uk
=ACF  \\$aPrevious copyright fee: GBP25.77$c22\3$e01-jul-2013$fGBP25.77$g0$hP$5Uk
=ACF  \\$aPrevious copyright fee: GBP24.21$c22\3$e01-jul-2014$fGBP24.21$g0$hP$5Uk
=ACF  \\$aPrevious copyright fee: GBP24.97$c22\3$e01-jan-2014$fGBP24.97$g0$hP$5Uk
=ACF  \\$aPrevious copyright fee: GBP12.30$c0$e26-mar-2015$fGBP12.30$g0$hA$5Uk
=LAS  \\$aBATCH-FIX$b00$c20230511$lBLL01$h1630

