=LDR  04124 as a2200985 a 4500
=001  013355046
=003  Uk
=005  20120423085425.0
=006  m\\\\\\\\d\\\\\\\\
=007  cr\cnu||||||||
=008  040123d2001200unjuqr\pss\rs\\0\\\a0eng\c
=FMT  \\$a  SE
=010  \\$a2004212055
=022  0\$a1548-2839$21
=035  \\$a(OCoLC)54075227
=040  \\$aNSD$beng$cNSD$dOCLCQ$dIUL$dUQ1$dNSD$dUk
=042  \\$ansdp$aukblsr
=050  10$aISSN RECORD
=050  14$aHG4050$b.M662
=082  00$a338.740973$222
=130  0\$aMergent's dividend achievers (Online)
=222  \0$aMergent's dividend achievers$b(Online)
=245  10$aMergent's dividend achievers$h[electronic resource].
=246  30$aDividend achievers
=260  \\$a[Hoboken, N.J.] :$bMergent, Inc. :$bWiley Periodicals, Inc.
=310  \\$aQuarterly,$b<2004->
=321  \\$aAnnual,$b2001-2002
=321  \\$a4 times a year,$bspring 2003-
=336  \\$atext$2rdacontent
=337  \\$acomputer$2rdamedia
=338  \\$aonline resource$2rdacarrier
=362  1\$aPrint began with: 2001.
=500  \\$a"John Wiley and Sons, Inc. is no longer selling subscriptions to Mergent's Dividend Achievers." (Product information, Wiley InterScience, viewed Jan. 27, 2010).
=530  \\$aIssued also in print.
=500  \\$aDescription based on: Vol. 1, issue 3 (summer 2004); title from table of contents screen (Wiley InterScience, viewed: May 2, 2006).
=500  \\$aLatest issue consulted: Vol. 5, issue 3 (summer 2008) (viewed Wiley InterScience Sept. 26, 2008).
=540  \\$aBritish Library not licensed to copy$c0$5Uk
=650  \0$aCorporations$xFinance$zUnited States$vPeriodicals.
=650  \0$aDividends$zUnited States$vPeriodicals.
=690  7\$aManagement and Business Studies$2blcoll
=710  2\$aMergent, Inc.
=776  1\$tMergent's dividend achievers$x1547-8335
=780  00$tHandbook of dividend achievers
=856  \\$uhttp://www3.interscience.wiley.com/cgi-bin/jhome/107642576$aWiley InterScience
=852  41$aBritish Library$bDSC$j5680.646550$3Volume 1:Issue 3(2004)-Volume 5:Issue 4(2008)***See ESTAR for full holdings.
=945  \\$aMergents dividend achievers
=959  \\$fHeld but not currently received
=CAT  \\$a8141$b40$c20051207$lBLL01$h0851
=CAT  \\$a11313$b40$c20070126$lBLL01$h0938
=CAT  \\$a5552$b40$c20081110$lBLL01$h1113
=CAT  \\$aBATCH-UPD$b40$c20081231$lBLL01$h2322
=CAT  \\$aBATCH-UPD$b40$c20090101$lBLL01$h0054
=CAT  \\$aBATCH$b00$c20090101$lBLL01$h0229
=CAT  \\$aBATCH$b00$c20090624$lBLL01$h1708
=CAT  \\$a8464$b40$c20100113$lBLL01$h0843
=CAT  \\$a5997$b40$c20100127$lBLL01$h0833
=CAT  \\$a5997$b40$c20100127$lBLL01$h0835
=CAT  \\$a5997$b40$c20100127$lBLL01$h1221
=CAT  \\$aBATCH-UPD$b40$c20100226$lBLL01$h0144
=CAT  \\$aBATCH-UPD$b40$c20100331$lBLL01$h2337
=CAT  \\$aBATCH-UPD$b40$c20100401$lBLL01$h0255
=CAT  \\$aBATCH$b00$c20100401$lBLL01$h0559
=CAT  \\$aBATCH$b00$c20100401$lBLL01$h1631
=CAT  \\$aBATCH690$c20100715$lBLL01$h2103
=CAT  \\$aBATCH-MBS$c20100716$lBLL01$h2048
=CAT  \\$aBATCH-UPD$b00$c20101124$lBLL01$h1946
=CAT  \\$aBATCH-UPD$b00$c20101125$lBLL01$h1213
=CAT  \\$aIPL-CLA$c20101231$lBLL01$h1517
=CAT  \\$aBATCH-UPD$b00$c20110907$lBLL01$h1827
=CAT  \\$aIPL-CLA$c20110908$lBLL01$h1742
=CAT  \\$a7792$b40$c20120423$lBLL01$h0854
=CAT  \\$aBATCH-CLA$b00$c20121109$lBLL01$h1728
=CAT  \\$aWR14_140$c20140905$lBLL01$h1810
=CFI  0\$aBritish Library not licensed to copy$c0$e07-sep-2011$hC$iTX$5Uk
=CFI  2\$aPrevious copyright fee: GBP10.50$c0$e01-jan-2011$fGBP10.50$g0$hA$5Uk
=EST  \\$a1
=FIN  \\$aY$d20060104
=MNI  \\$a1547-8335
=SID  \\$aZ39$bOCLC
=TCO  \\$aTRS$bCCC$c008
=TOC  \\$aETOC
=ACF  \\$aPrevious copyright fee: GBP9.00$c0$e01-apr-2010$fGBP9.00$g0$hA$5Uk
=ACF  \\$aPrevious copyright fee: GBP6.00$c0$e01-jan-2009$fGBP6.00$g0$hA$5Uk
=ACF  \\$aPrevious copyright fee: GBP17.00$c35\0$e01-jan-2006$fGBP17.00$g0$hP$5Uk
=LAS  \\$aWR14_140$b00$c20140905$lBLL01$h1810

