=LDR  05041cas a2201177 a 4500
=001  012433643
=003  Uk
=005  20230511162829.0
=006  m\\\\\\\\d\\\\\\\\
=007  cr\cnu||||||||
=008  970529d19802009nyuqr\pss\\\\\0\\\a0eng\c
=FMT  \\$a  SE
=010  \\$asn 97004516 
=019  c\$a102093066
=022  \\$a1090-2678$y0196-6774
=035  \\$a(OCoLC)36981575
=040  \\$aOH1$cOH1$dNSDP$dOCoLC$dDLC$dOCoLC$dCaQMU$dOCoLC$dUk
=042  \\$ansdp$aukblsr
=050  \4$aQA76.6$b.J69
=082  04$a518.1$222
=130  0\$aJournal of algorithms (Online)
=210  0\$aJ. algorithms$b(Online)
=222  \0$aJournal of algorithms$b(Online)
=245  10$aJournal of algorithms$h[electronic resource].
=246  13$aJournal of algorithms in cognition, informatics and logic
=260  \\$aOrlando, Fla. :$bAcademic Press
=260  3\$a[New York] :$bElsevier Science
=310  \\$aQuarterly,$b2007-
=321  \\$aEight issues yearly,$b1997-2006
=321  \\$aBimonthly,$b1993-1996
=321  \\$aQuarterly,$b1980-1992
=336  \\$atext$2rdacontent
=337  \\$acomputer$2rdamedia
=338  \\$aonline resource$2rdacarrier
=362  1\$aPrint began with v. 1, issue 1 (Mar. 1980).
=362  0\$a-v. 64, issue 4 (Oct. 2009).
=500  \\$aDescription based on: Vol. 20, no. 1 (Jan. 1996); title from title information screen.
=500  \\$aFinal issue consulted (ScienceDirect, viewed Nov. 10, 2010).
=530  \\$aAlso issued in print.
=538  \\$aMode of access: World Wide Web.
=540  \\$aCurrent Copyright Fee: GBP23.40$c0$5Uk
=650  \0$aAlgorithms$vPeriodicals.
=650  \0$aComputer algorithms$vPeriodicals.
=650  \0$aComputer programming$vPeriodicals.
=776  1\$tJournal of algorithms$x0196-6774
=780  05$tJournal of discrete algorithms$x1570-8667
=856  4\$uhttp://firstsearch.oclc.org$zAddress for accessing the journal using authorization number and password through OCLC FirstSearch Electronic Collections Online
=856  4\$uhttp://www.idealibrary.com$zLogon procedure and access to this title is available via the I.D.E.A.L. (service provider) homepage$zLink no longer valid
=856  40$uhttp://www.sciencedirect.com/science/journal/01966774
=852  41$aBritish Library$bDSC$j4926.800000$3jan-1995 VOL 18 PART 1-Volume 64:Issue 4(2009)***See ESTAR for full holdings.
=945  \\$aJournal of algorithms
=959  \\$fHeld but not currently received
=A02  \\$a102093066
=CAT  \\$aCONV$b00$c20040425$lBLL90$h0713
=CAT  \\$a8323$b40$c20101110$lBLL01$h1207
=CAT  \\$a8323$b40$c20101110$lBLL01$h1301
=CAT  \\$aWR10_164$c20101215$lBLL01$h1510
=CAT  \\$aWR11_155$c20111021$lBLL01$h1330
=CAT  \\$aWR11_155$c20111114$lBLL01$h1647
=CAT  \\$aBATCH-UPD$b00$c20111123$lBLL01$h1852
=CAT  \\$aIPL-CLA$c20111230$lBLL01$h2013
=CAT  \\$aBATCH-CLA$b00$c20121109$lBLL01$h1734
=CAT  \\$aBATCH-UPD$b00$c20121121$lBLL01$h1655
=CAT  \\$aIPL-CLA$c20121231$lBLL01$h1309
=CAT  \\$aIPL-CLA$c20130102$lBLL01$h1726
=CAT  \\$aBATCH-CLA$b00$c20130526$lBLL01$h1647
=CAT  \\$aBATCH-CLA$b00$c20140125$lBLL01$h1306
=CAT  \\$aBATCH-CLA$c20140225$lBLL01$h2319
=CAT  \\$aBLDSS-3PM$b00$c20141222$lBLL01$h1713
=CAT  \\$aBATCH-UPD$b00$c20170304$lBLL01$h1135
=CAT  \\$aBATCH-UPD$b00$c20171121$lBLL01$h1742
=CAT  \\$aIPL-CLA$c20171231$lBLL01$h1623
=CAT  \\$a5552$b40$c20181016$lBLL01$h1102
=CAT  \\$aIPL-CLA$c20181231$lBLL01$h1540
=CAT  \\$aDEL-3PM$c20190115$lBLL01$h1428
=CAT  \\$aBATCH-CLA$b00$c20191219$lBLL01$h1729
=CAT  \\$aIPL-CLA$c20191231$lBLL01$h1922
=CAT  \\$aR2001-1524$c20200127$lBLL01$h2001
=CAT  \\$a12654$b40$c20200129$lBLL01$h0913
=CAT  \\$aBATCH-FIX$c20230511$lBLL01$h1628
=CFI  2\$aCurrent Copyright Fee: GBP23.40$c0$e29-jan-2020$fGBP23.40$g0$hC$5Uk
=EST  \\$a1
=FIN  \\$aY
=LEO  \\$aMP10.0000630913
=MNI  \\$a0196-6774
=SRC  \\$aDSS01$bbibmp10.200404.2.aa
=SRC  \\$aBLL02
=TCO  \\$aTRS$bCCC$c008
=TCO  \\$aCLA$bCLA$c008
=TOC  \\$aETOC
=ACF  \\$aPrevious Copyright Fee: GBP20.00$c0$e01-jan-2020$fGBP20.00$g0$hA$5Uk
=ACF  \\$aPrevious copyright fee: GBP17.50$c0$e01-jan-2019$fGBP17.50$g0$hA$5Uk
=ACF  \\$aPrevious copyright fee: GBP19.00$c5\9$e01-jan-2008$fGBP19.00$g0$hP$5Uk
=ACF  \\$aPrevious copyright fee: GBP18.00$c5\9$e01-apr-2004$fGBP18.00$g0$hP$5Uk
=ACF  \\$aCurrent copyright fee: GBP20.00$c5\9$e01-jan-2003$fGBP20.00$g0$hP$5Uk
=ACF  \\$aCurrent copyright fee: GBP22.58$c0$e01-oct-2002$fGBP22.58$g0$hC$5Uk
=ACF  \\$aPrevious copyright fee: GBP20.00$c5\1$e01-jan-2009$fGBP20.00$g0$hP$5Uk
=ACF  \\$aPrevious copyright fee: GBP21.00$c5\1$e01-jan-2012$fGBP21.00$g0$hP$5Uk
=ACF  \\$aPrevious copyright fee: GBP22.50$c5\1$e01-jan-2013$fGBP22.50$g0$hP$5Uk
=ACF  \\$aPrevious copyright fee: GBP23.40$c5\1$e01-jan-2018$fGBP23.40$g0$hP$5Uk
=LAS  \\$aBATCH-FIX$b00$c20230511$lBLL01$h1628

