=LDR  05421cas a2201189 a 4500
=001  012433793
=003  Uk
=005  20221231144435.0
=006  m\\\\\o\\d\\\\\\\\
=007  cr\cn|||||||||
=008  031216c20039999ne\br\pso\\\\\0\\\a0eng\c
=FMT  \\$a  SE
=010  \\$a  2012250732
=019  c\$a103021844
=022  \\$a1570-8675$l1570-8667
=035  \\$a(OCoLC)53915055$z(OCoLC)232359511
=040  \\$aOUN$beng$cOUN$dOCLCQ$dOCL$dUX0$dOCLCQ$dCUS$dBUF$dOCLCQg$dCOO$dOCLCF$dOCLCO$dOCLCQ$dUk
=042  \\$aukblsr
=050  \4$aQA76.9.M35
=082  04$a004.0151$223
=130  0\$aJournal of discrete algorithms (Amsterdam, Netherlands : Online)
=222  \0$aJournal of discrete algorithms$b(Online)
=245  10$aJournal of discrete algorithms.
=246  1\$aJDA
=260  \\$a[Amsterdam] :$bElsevier,$c©2003-
=310  \\$aBimonthly,$b2013
=321  \\$aEight issues yearly,$b2012
=321  \\$aBimonthly,$b2003
=321  \\$aQuarterly,$b2004-2011
=336  \\$atext$btxt$2rdacontent
=337  \\$acomputer$bc$2rdamedia
=338  \\$aonline resource$bcr$2rdacarrier
=362  1\$aBegan with vol. 1, no. 1 (Feb. 2003).
=595  \\$aDO NOT CONFUSE WITH 4969.735.
=500  \\$aSome issues have individual titles.
=515  \\$aIssue number dropped with 2012.
=538  \\$aMode of access: World Wide Web.
=588  \\$aDescription based on v. 1, issue 1 (Feb. 2003); title from PDF running title (ScienceDirect, viewed July 16, 2012).
=588  \\$aLatest issue consulted: Volume 37 (March 2016) (viewed October 26, 2016).
=540  \\$aBritish Library not licensed to copy$c0$5Uk
=650  \0$aComputer science$xMathematics$vPeriodicals.
=650  \0$aAlgorithms$vPeriodicals.
=650  \7$aAlgorithms.$2fast$0(OCoLC)fst00805020
=650  \7$aComputer science$xMathematics.$2fast$0(OCoLC)fst00872460
=655  \0$aElectronic journals.
=655  \7$aPeriodicals.$2fast$0(OCoLC)fst01411641
=776  08$iPrint version:$tJournal of discrete algorithms (Amsterdam, Netherlands)$x1570-8667
=856  40$uhttp://www.sciencedirect.com/science/journal/15708667
=856  4\$uhttp://www.elsevier.com/inca/publications/store/6/7/2/7/1/1/index.htt
=856  4\$uhttp://find.galegroup.com/gtx/infomark.do?serQuery=Locale%28en%2C%2C%29:FQE=%28JX%2CNone%2C32%29%22Journal+of+Discrete+Algorithms%22%24&queryType=PH&type=pubIssues&prodId=AONE&version=1.0&source=library&userGroupName=[LOCID]$zAvailable via InfoTrac search for this journal by title
=852  41$aBritish Library$bDSC$j4969.720000$3feb-2003 VOL 1 PART 1-Volume 9:Issue 1(2011)***See ESTAR for full holdings.
=945  \\$aJournal of discrete algorithms -Elsevier-
=959  \\$fHeld but not currently received
=985  \\$aCONFERENCE ANALYTIC &RECORDS EXIST
=A02  \\$a103021844
=CAT  \\$aCONV$b00$c20040425$lBLL90$h0713
=CAT  \\$aBATCH-UPD$b00$c20111123$lBLL01$h1852
=CAT  \\$aIPL-CLA$c20111230$lBLL01$h2013
=CAT  \\$aCDS12-UPD$b40$c20120206$lBLL01$h1842
=CAT  \\$aBATCH-CLA$b00$c20121109$lBLL01$h1734
=CAT  \\$aBATCH-UPD$b00$c20121121$lBLL01$h1655
=CAT  \\$aIPL-CLA$c20121231$lBLL01$h1309
=CAT  \\$aIPL-CLA$c20130102$lBLL01$h1726
=CAT  \\$aWR13.005$c20130323$lBLL01$h1510
=CAT  \\$aBATCH-CLA$b00$c20140125$lBLL01$h1253
=CAT  \\$aBATCH-CLA$c20140225$lBLL01$h2319
=CAT  \\$a10997$b40$c20140724$lBLL01$h1014
=CAT  \\$aBLDSS-3PM$b00$c20141222$lBLL01$h1713
=CAT  \\$a5552$b40$c20160129$lBLL01$h1118
=CAT  \\$a8124$b40$c20161026$lBLL01$h1138
=CAT  \\$aBATCH-UPD$b40$c20171121$lBLL01$h1742
=CAT  \\$aIPL-CLA$c20171231$lBLL01$h1623
=CAT  \\$a5552$b40$c20181016$lBLL01$h1102
=CAT  \\$aIPL-CLA$c20181231$lBLL01$h1540
=CAT  \\$aDEL-3PM$c20190115$lBLL01$h1428
=CAT  \\$aBATCH-CLA$b00$c20190321$lBLL01$h1902
=CAT  \\$aIPL-CLA$c20190331$lBLL01$h1725
=CAT  \\$aBATCH-CLA$b00$c20210328$lBLL01$h1253
=CAT  \\$aIPL-CLA$c20210331$lBLL01$h1659
=CAT  \\$aBATCH-CLA$b00$c20221206$lBLL01$h1631
=CAT  \\$aIPL-CLA$c20221231$lBLL01$h1444
=CFI  0\$aBritish Library not licensed to copy$c0$e01-jan-2023$hC$iCFP Excluded$5Uk
=CFI  2\$aPrevious Copyright Fee: GBP34.00$c0$e01-apr-2021$fGBP34.00$g0$hC$5Uk
=EST  \\$a1
=FIN  \\$aY
=LEO  \\$aMP10.0000631063
=LKR  \\$aPAR$b007692916$lBLL01$r776$mJournal of discrete algorithms (Online)$nJournal of discrete algorithms (Print).
=MNI  \\$a1570-8667
=SID  \\$aZ39$bOCLC
=SRC  \\$aDSS01$bbibmp10.200404.2.aa
=TCO  \\$aCLA$bCLA$c008
=TOC  \\$aETOC
=ACF  \\$aPrevious copyright fee: GBP19.00$c5\1$e01-jan-2008$fGBP19.00$g0$hP$5Uk
=ACF  \\$aPrevious Copyright Fee: GBP18.00$c5\1$e01-apr-2004$fGBP18.00$g0$hP$5Uk
=ACF  \\$aCurrent copyright fee: GBP20.00$c5\1$e26-nov-2003$fGBP20.00$g0$hP$5Uk
=ACF  \\$aPrevious copyright fee: GBP20.00$c5\1$e01-jan-2009$fGBP20.00$g0$hP$5Uk
=ACF  \\$aPrevious copyright fee: GBP21.00$c5\1$e01-jan-2012$fGBP21.00$g0$hP$5Uk
=ACF  \\$aPrevious copyright fee: GBP22.50$c5\1$e01-jan-2013$fGBP22.50$g0$hP$5Uk
=ACF  \\$aPrevious copyright fee: GBP23.40$c5\1$e01-jan-2018$fGBP23.40$g0$hP$5Uk
=ACF  \\$aPrevious copyright fee: GBP17.50$c0$e01-jan-2019$fGBP17.50$g0$hA$5Uk
=ACF  \\$aPrevious Copyright Fee: GBP23.40$c0$e01-apr-2019$fGBP23.40$g0$hC$5Uk
=LAS  \\$aIPL-CLA$b00$c20221231$lBLL01$h1444

