=LDR  04765cas a2201117 a 4500
=001  013095786
=003  Uk
=005  20221231144600.0
=006  m\\\\\\\\d\\\\\\\\
=007  cr\|n|||||||||
=008  880616c19889999au\mr\\\o\\\\\0\\\b0ger\d
=FMT  \\$a  SE
=022  \\$y1015-1516$l1015-1516
=035  \\$a(OCoLC)266831826
=040  \\$aMH-BA$beng$cCUD$dOCLCQ$dOCLCO$dOCLCA$dUk
=042  \\$aukblsr
=043  \\$ae-au---
=050  14$aHG13$b.O43
=082  04$a332.109436$223
=130  0\$aBank-Archiv (Online)
=245  10$aBank-Archiv$h[electronic resource] /$cherausgegeben von der Österreichischen Bankwissenschaftlichen Gesellschaft.
=246  30$aBankarchiv
=260  \\$aWien :$bManz,$c[1988]-
=264  21$a[Wien?] :$bSpringer
=264  31$a[Wien?] :$bLinde-Verlag
=300  \\$av. ;$c24 cm.
=310  \\$aMonthly
=336  \\$atext$2rdacontent
=337  \\$acomputer$2rdamedia
=338  \\$aonline resource$2rdacarrier
=362  1\$aPrint began with: 36. Jahrg., Heft 2 (Feb. 1988).
=500  \\$aTitle from cover.
=500  \\$a"Zeitschrift für das gesamte Bank- und Börsenwesen."
=588  \\$aLatest issue consulted: pdf of Heft 12 (2011) (Springer website, viewed October 8, 2015).
=580  \\$aPrint continues: Österreichisches Bank-Archiv.
=540  \\$aBritish Library not licensed to copy$c0$5Uk
=650  \0$aBanks and banking$zAustria$vPeriodicals.
=650  17$aBankwezen.$2gtt
=650  17$aEffectenhandel.$2gtt
=650  17$aBeurzen (handel)$2gtt
=650  \7$aBANKING.$2unbist
=650  \7$aFINANCE.$2unbist
=650  \7$aAUSTRIA.$2unbist
=655  \0$aElectronic journals.
=690  7\$aManagement and Business Studies$2blcoll
=710  2\$aÖsterreichische Bankwissenschaftliche Gesellschaft.
=776  08$iAlso issued in print as:$tBank-archiv$x1015-1516
=856  40$uhttp://linux02.lib.cam.ac.uk:2048/login?url=http://www.springerlink.com/openurl.asp?genre=journal&issn=1015-1516$zFull text available from SpringerLink Contemporary - NESLi2
=856  40$uhttp://www.springer.com/business+%26+management/finance/journal/743
=852  41$aBritish Library$bDSC$j1861.762830
=945  \\$aBANK ARCHIV -WIEN-
=959  \\$fHeld but not currently received
=CAT  \\$a5552$b40$c20050128$lBLL01$h0932
=CAT  \\$aBATCH-UPD$b00$c20081231$lBLL01$h2320
=CAT  \\$aBATCH-UPD$b00$c20090101$lBLL01$h0052
=CAT  \\$aBATCH$b00$c20090101$lBLL01$h0228
=CAT  \\$aBATCH-UPD$b00$c20090319$lBLL01$h1041
=CAT  \\$aBATCH-UPD$b00$c20090331$lBLL01$h2314
=CAT  \\$aBATCH-UPD$b00$c20090401$lBLL01$h0045
=CAT  \\$aBATCH$b00$c20090401$lBLL01$h0214
=CAT  \\$aWR10_164$c20101215$lBLL01$h1511
=CAT  \\$aBATCH-UPD$b00$c20110823$lBLL01$h1521
=CAT  \\$a8409$b40$c20110922$lBLL01$h1415
=CAT  \\$aCDS12-UPD$b40$c20120206$lBLL01$h1842
=CAT  \\$a5552$b40$c20120606$lBLL01$h1441
=CAT  \\$a5552$b40$c20120606$lBLL01$h1442
=CAT  \\$aIPL-CLA$c20120629$lBLL01$h1034
=CAT  \\$aBATCH-CLA$b00$c20121109$lBLL01$h1729
=CAT  \\$a12654$b40$c20130109$lBLL01$h0917
=CAT  \\$a12654$b40$c20130109$lBLL01$h0919
=CAT  \\$aBATCH-CLA$b00$c20140125$lBLL01$h1306
=CAT  \\$aBATCH-CLA$c20140225$lBLL01$h2323
=CAT  \\$a8124$b40$c20151008$lBLL01$h1031
=CAT  \\$a8124$b40$c20151008$lBLL01$h1032
=CAT  \\$aBATCH-MBS$c20151016$lBLL01$h2050
=CAT  \\$aBATCH-UPD$b00$c20170304$lBLL01$h1154
=CAT  \\$aBATCH-CLA$b00$c20221206$lBLL01$h1719
=CAT  \\$aIPL-CLA$c20221231$lBLL01$h1446
=CFI  0\$aBritish Library not licensed to copy$c0$e01-jan-2023$hC$iCFP Excluded$5Uk
=CFI  2\$aPrevious Copyright Fee: GBP29.95$c0$e09-jan-2013$fGBP29.95$g0$hC$5Uk
=EST  \\$a1
=FIN  \\$aY$d20151008
=LKR  \\$aPAR$b010474818$lBLL01$nBank-archiv (Print)$mBank-archiv (Online)$r776
=MNI  \\$a1015-1516
=SID  \\$aZ39$bOCLC
=TCO  \\$aZZZ$c008
=ACF  \\$aPrevious copyright fee: GBP21.25$c23\6$e01-jan-2009$fGBP21.25$g0$hP$5Uk
=ACF  \\$aPrevious copyright fee: GBP16.75$c23\6$e01-jan-2007$fGBP16.75$g0$hP$5Uk
=ACF  \\$aPrevious copyright fee: GBP16.22$c23\6$e01-oct-2006$fGBP16.22$g0$hP$5Uk
=ACF  \\$aPrevious copyright fee: GBP17.14$c23\6$e01-apr-2006$fGBP17.14$g0$hP$5Uk
=ACF  \\$aPrevious copyright fee: GBP16.67$c23\6$e01-jan-2006$fGBP16.67$g0$hP$5Uk
=ACF  \\$aPrevious copyright fee: GBP16.22$c23\6$e01-apr-2005$fGBP16.22$g0$hP$5Uk
=ACF  \\$aPrevious copyright fee: GBP16.67$c23\6$e01-jan-2005$fGBP16.67$g0$hP$5Uk
=ACF  \\$aPrevious copyright fee: GBP22.00$c0$e01-jul-2012$fGBP22.00$g0$hC$5Uk
=ACF  \\$aPrevious copyright fee: GBP22.00$c23\6$e01-apr-2009$fGBP22.00$g0$hP$5Uk
=LAS  \\$aIPL-CLA$b00$c20221231$lBLL01$h1446

