=LDR  05724cas a2201165 a 4500
=001  013245090
=003  Uk
=005  20230516081949.0
=006  m\\\\\\\\d\\\\\\\\
=007  cr||||||||||||
=008  031029c19uu9999xxuqr\pss\\\\\0\\\a0eng\c
=FMT  \\$a  SE
=010  \\$a  2003202457
=022  0\$a1547-3333$l0887-3267
=035  \\$a(OCoLC)53312440
=040  \\$aNSDP$cNSDP$dOCoLC$dNSDP$dCaQMU$dOCoLC$dGGaB$dCU-S$dNBuU$dOCoLC$dUk
=042  \\$ansdp$aukblsr
=082  04$a150.1987$222
=130  0\$aHumanistic psychologist (Online)
=210  0\$aHumanist. psychol.$b(Online)
=222  \4$aThe humanistic psychologist$b(Online)
=245  14$aThe humanistic psychologist$h[electronic resource].
=260  \\$aMahwah, NJ :$bLawrence Erlbaum Associates
=260  3\$aPhiladelphia :$bRoutledge
=310  \\$aQuarterly
=336  \\$atext$2rdacontent
=337  \\$acomputer$2rdamedia
=338  \\$aonline resource$2rdacarrier
=500  \\$aDescription based on: Vol. 33, no. 1 (2005); title from HTML journal homepage (viewed May 20, 2005).
=500  \\$aLatest issue consulted: Vol. 38, issue 2 (2010) (informaworld, viewed Sept. 7, 2010).
=530  \\$aAlso issued in print.
=550  \\$aOfficial journal of the Division of Humanistic Psychology, American Psychological Association, Division 32.
=540  \\$aCurrent copyright fee: GBP28.75$c0$5Uk
=650  \0$aHumanistic psychology$vPeriodicals.
=710  2\$aAmerican Psychological Association.$bDivision of Humanistic Psychology.
=776  08$iAlso issued in print as:$tHumanistic psychologist$x0887-3267
=856  4\$uhttp://firstsearch.oclc.org$zAddress for accessing the journal using authorization number and password through OCLC FirstSearch Electronic Collections Online
=856  40$uhttp://www.informaworld.com/smpp/title~db=all~content=t775653705~tab=issueslist
=856  40$uhttp://www.leaonline.com/loi/thp
=852  \\$aBritish Library$bDSC$j4336.530800$3Volume 33:Issue 1(2005)-Volume 39:Issue 4(2011)***See ESTAR for full holdings.
=945  \\$aHumanistic psychologist
=959  \\$fHeld but not currently received
=CAT  \\$a7174$b40$c20050705$lBLL01$h1448
=CAT  \\$aCDS12-UPD$b40$c20120116$lBLL01$h1728
=CAT  \\$aBATCH-CLA$b00$c20121109$lBLL01$h1728
=CAT  \\$aBATCH-UPD$b00$c20121121$lBLL01$h1613
=CAT  \\$aIPL-CLA$c20121231$lBLL01$h1316
=CAT  \\$aIPL-CLA$c20130102$lBLL01$h1739
=CAT  \\$a8323$b40$c20130722$lBLL01$h1405
=CAT  \\$aBATCH-UPD$b40$c20131119$lBLL01$h1959
=CAT  \\$aIPL-CLA$c20131231$lBLL01$h2352
=CAT  \\$aBATCH-CLA$b00$c20140125$lBLL01$h1301
=CAT  \\$aBATCH-CLA$c20140225$lBLL01$h2324
=CAT  \\$aBATCH-UPD$b00$c20141124$lBLL01$h1802
=CAT  \\$aBLDSS-3PM$b00$c20141130$lBLL01$h1248
=CAT  \\$aIPL-CLA$c20141231$lBLL01$h1652
=CAT  \\$aBATCH-UPD$b00$c20151119$lBLL01$h1543
=CAT  \\$aIPL-CLA$c20151231$lBLL01$h1922
=CAT  \\$aBATCH-UPD$b00$c20160924$lBLL01$h0122
=CAT  \\$aBATCH-UPD$b00$c20161122$lBLL01$h1512
=CAT  \\$aIPL-CLA$c20161230$lBLL01$h2142
=CAT  \\$aBATCH-UPD$b00$c20171121$lBLL01$h1647
=CAT  \\$aIPL-CLA$c20171231$lBLL01$h1644
=CAT  \\$aBATCH-UPD$b00$c20181217$lBLL01$h1638
=CAT  \\$aIPL-CLA$c20181231$lBLL01$h1542
=CAT  \\$aBATCH-UPD$b00$c20191122$lBLL01$h1900
=CAT  \\$aIPL-CLA$c20191231$lBLL01$h1934
=CAT  \\$a5552$b40$c20201029$lBLL01$h0753
=CAT  \\$aBATCH-FIX$c20230511$lBLL01$h1628
=CAT  \\$a12654$b40$c20230516$lBLL01$h0819
=CFI  0\$aCurrent copyright fee: GBP28.75$c0$e16-may-2023$fGBP28.75$g0$hC$5Uk
=CFI  2\$aBritish Library not licensed to copy$c0$e29-oct-2020$hC$iTX$5Uk
=CFI  2\$aPrevious copyright fee: GBP34.00$c2\0$e01-jan-2020$fGBP34.00$g0$hP$5Uk
=EST  \\$a1
=FIN  \\$aY$d20100907
=LKR  \\$aPAR$b009207842$lBLL01$r776$mThe humanistic psychologist (Online)$nHUMANISTIC PSYCHOLOGIST.
=MNI  \\$a0887-3267
=SRC  \\$aBLL02
=TCO  \\$aTRS$bCCC$c008
=TOC  \\$aETOC
=ACF  \\$aPrevious copyright fee: GBP32.00$c2\0$e01-jan-2019$fGBP32.00$g0$hP$5Uk
=ACF  \\$aPrevious copyright fee: GBP17.00$c2\0$e18-jun-2010$fGBP17.00$g0$hP$5Uk
=ACF  \\$aPrevious copyright fee: GBP17.00$c30\0$e01-jan-2010$fGBP17.00$g0$hP$5Uk
=ACF  \\$aPrevious copyright fee: GBP16.00$c30\0$e01-jan-2009$fGBP16.00$g0$hP$5Uk
=ACF  \\$aPrevious Copyright Fee: GBP15.00$c30\0$e01-jan-2008$fGBP15.00$g0$hP$5Uk
=ACF  \\$aPrevious copyright fee: GBP12.00$c30\0$e01-jul-2007$fGBP12.00$g0$hP$5Uk
=ACF  \\$aPrevious copyright fee: GBP12.30$c30\0$e01-apr-2007$fGBP12.30$g0$hP$5Uk
=ACF  \\$aPrevious copyright fee: GBP12.97$c30\0$e01-oct-2006$fGBP12.97$g0$hP$5Uk
=ACF  \\$aPrevious copyright fee: GBP13.72$c30\0$e01-apr-2006$fGBP13.72$g0$hP$5Uk
=ACF  \\$aPrevious copyright fee: GBP13.33$c30\0$e01-jan-2006$fGBP13.33$g0$hP$5Uk
=ACF  \\$aPrevious copyright fee: GBP12.98$c30\0$e05-jul-2005$fGBP12.98$g0$hP$5Uk
=ACF  \\$aPrevious copyright fee: GBP21.00$c2\0$e01-jan-2011$fGBP21.00$g0$hP$5Uk
=ACF  \\$aPrevious copyright fee: GBP23.00$c2\0$e01-jan-2012$fGBP23.00$g0$hP$5Uk
=ACF  \\$aPrevious copyright fee: GBP23.50$c2\0$e01-jan-2013$fGBP23.50$g0$hP$5Uk
=ACF  \\$aPrevious copyright fee: GBP24.00$c2\0$e01-jan-2014$fGBP24.00$g0$hP$5Uk
=ACF  \\$aPrevious copyright fee: GBP25.00$c2\0$e01-jan-2015$fGBP25.00$g0$hP$5Uk
=ACF  \\$aPrevious copyright fee: GBP26.00$c2\0$e01-jan-2016$fGBP26.00$g0$hP$5Uk
=ACF  \\$aPrevious copyright fee: GBP28.00$c2\0$e01-jan-2017$fGBP28.00$g0$hP$5Uk
=ACF  \\$aPrevious copyright fee: GBP30.00$c2\0$e01-jan-2018$fGBP30.00$g0$hP$5Uk
=LAS  \\$a12654$b40$c20230516$lBLL01$h0819

