=LDR  05068cas a2201069 a 4500
=001  013255203
=003  Uk
=005  20221231144627.0
=006  m\\\\\\\\d\\\\\\\\
=007  cr\mnu||||||||
=008  021216c19959999gw\qx\pso\\\\\0\\\\0eng\d
=FMT  \\$a  SE
=010  \\$a2006233300
=022  \\$a1618-1530$l1104-6899$y1104-6899
=035  \\$a(OCoLC)51231986$z(OCoLC)51212205
=040  \\$aF#A$cF#A$dOCLCQ$dMUQ$dGUA$dUQ1$dCUS$dUk
=042  \\$aukblsr
=050  14$aSD393
=082  04$a333.75$223
=130  0\$aJournal of forest economics (Online)
=222  \0$aJournal of forest economics$b(Jena. Internet)
=245  10$aJournal of forest economics$h[electronic resource].
=260  \\$a[Jena] :$bUrban & Fischer
=260  3\$a[S.l.] :$bElsevier
=310  \\$aFour times a year,$b2005-
=321  \\$aThree times a year,$b<2002>-2004
=336  \\$atext$2rdacontent
=337  \\$acomputer$2rdamedia
=338  \\$aonline resource$2rdacarrier
=362  1\$aPrint began with v. 1, no. 1, published in 1995.
=588  \\$aDescription based on: Vol. 8, issue 1 (2002); title from contents screen (ScienceDirect, viewed Aug. 2, 2006).
=588  \\$aLatest issue consulted: Vol. 17, issue 3 (Aug 2011), viewed Oct. 11, 2011.
=538  \\$aMode of access: World Wide Web.
=550  \\$aPublished in affiliation with the Department of Forest Economics at the Swedish University of Agricultural Sciences, Umeå, Sweden.
=540  \\$aBritish Library not licensed to copy$c0$5Uk
=650  \0$aForests and forestry$xEconomic aspects$vPeriodicals.
=650  \0$aForest products industry$vPeriodicals.
=650  \6$aForêts$xAspect économique$vPériodiques.
=650  \6$aProduits forestiers$xIndustrie$vPériodiques.
=710  2\$aSveriges lantbruksuniversitet.$bInstitutionen för skogsekonomi.
=776  08$iPrint version:$tJournal of forest economics$x1104-6899
=856  40$uhttp://firstsearch.oclc.org$zAddress for accessing the journal using authorization number and password through OCLC FirstSearch Electronic Collections Online
=856  40$uhttp://firstsearch.oclc.org/journal=1104-6899;screen=info;ECOIP$zAddress for accessing the journal from an authorized IP address through OCLC FirstSearch Electronic Collections Online
=856  40$uhttp://www.sciencedirect.com/science/journal/11046899
=852  \\$aBritish Library$bDSC$j4984.650000$3Volume 8:Issue 1(2002)-Volume 29(2017)Part B***See ESTAR for full holdings.
=945  \\$aJOURNAL OF FOREST ECONOMICS.
=959  \\$fHeld but not currently received
=979  \\$aBritish Library$bDSC$j4984.650000
=CAT  \\$a7174$b40$c20050719$lBLL01$h1401
=CAT  \\$a8483$b40$c20111011$lBLL01$h1417
=CAT  \\$aBATCH-UPD$b40$c20111123$lBLL01$h1853
=CAT  \\$aIPL-CLA$c20111230$lBLL01$h2021
=CAT  \\$aBATCH-CLA$b00$c20121109$lBLL01$h1728
=CAT  \\$aBATCH-UPD$b00$c20121121$lBLL01$h1657
=CAT  \\$aIPL-CLA$c20121231$lBLL01$h1316
=CAT  \\$aIPL-CLA$c20130102$lBLL01$h1739
=CAT  \\$aBATCH-CLA$b00$c20140125$lBLL01$h1307
=CAT  \\$aBATCH-CLA$c20140225$lBLL01$h2324
=CAT  \\$aBLDSS-3PM$b00$c20141222$lBLL01$h1714
=CAT  \\$aBATCH-UPD$b00$c20160825$lBLL01$h0908
=CAT  \\$aBATCH-UPD$b00$c20171121$lBLL01$h1745
=CAT  \\$aIPL-CLA$c20171231$lBLL01$h1645
=CAT  \\$aW1805-0471$c20180520$lBLL01$h1139
=CAT  \\$a12654$b40$c20190416$lBLL01$h1341
=CAT  \\$aDEL-3PM$c20190424$lBLL01$h1558
=CAT  \\$aBATCH-CLA$b00$c20190924$lBLL01$h1910
=CAT  \\$aIPL-CLA$c20190930$lBLL01$h1638
=CAT  \\$aBATCH-CLA$b00$c20211222$lBLL01$h1609
=CAT  \\$aIPL-CLA$c20211231$lBLL01$h1543
=CAT  \\$aBATCH-CLA$b00$c20221206$lBLL01$h1723
=CAT  \\$a5410$b40$c20221210$lBLL01$h1717
=CAT  \\$a5410$b40$c20221219$lBLL01$h0913
=CAT  \\$aDEL-3PM$c20221228$lBLL01$h1059
=CAT  \\$aIPL-CLA$c20221231$lBLL01$h1446
=CFI  0\$aBritish Library not licensed to copy$c0$e01-jan-2023$hC$iCFP Excluded$5Uk
=CFI  2\$aPrevious Copyright Fee: GBP34.00$c0$e01-jan-2022$fGBP34.00$g0$hC$5Uk
=EST  \\$a1
=FIN  \\$aY$d20111011
=LKR  \\$aPAR$b010489656$lBLL01$r776$mJournal of forest economics (Online)$nJournal of forest economics (Print)
=MNI  \\$a1104-6899
=SID  \\$aZ39$bOCLC
=TCO  \\$aXXX$c008
=TOC  \\$aETOC
=ACF  \\$aPrevious copyright fee: GBP19.00$c5\1$e01-jan-2008$fGBP19.00$g0$hP$5Uk
=ACF  \\$aPrevious Copyright Fee: GBP18.00$c5\1$e19-jul-2005$fGBP18.00$g0$hP$5Uk
=ACF  \\$aPrevious copyright fee: GBP20.00$c5\1$e01-jan-2009$fGBP20.00$g0$hP$5Uk
=ACF  \\$aPrevious copyright fee: GBP21.00$c5\1$e01-jan-2012$fGBP21.00$g0$hP$5Uk
=ACF  \\$aPrevious copyright fee: GBP23.40$c5\1$e01-jan-2018$fGBP23.40$g0$hP$5Uk
=ACF  \\$aPrevious copyright fee: GBP22.50$c5\1$e01-jan-2013$fGBP22.50$g0$hP$5Uk
=ACF  \\$aPrevious copyright fee: GBP17.50$c0$e16-apr-2019$fGBP17.50$g0$hA$5Uk
=ACF  \\$aPrevious Copyright Fee: GBP23.40$c0$e01-oct-2019$fGBP23.40$g0$hC$5Uk
=LAS  \\$aIPL-CLA$b00$c20221231$lBLL01$h1446

