=LDR  05560cas a2201201 a 4500
=001  013294653
=003  Uk
=005  20230515090946.0
=006  m\\\\\\\\d\\\\\\\\
=007  cr||||||||||||
=008  040518c19979999xxuqx\pss\\\\\0\\\a0eng\c
=FMT  \\$a  SE
=010  \\$a  2004213906
=022  0\$a1550-3461$l1088-7156
=035  \\$a(OCoLC)55204154
=040  \\$aNSDP$cNSDP$dNSDP$dOCoLC$dGGaB$dCU-S$dOCoLC$dUk
=042  \\$ansdp$aukblsr
=050  14$aBF76
=082  04$a150.68$222
=130  0\$aPsychologist manager journal (Online)
=222  \4$aThe psychologist manager journal$b(Online)
=245  14$aThe psychologist manager journal$h[electronic resource].
=246  13$aPsychologist-manager journal
=260  \\$aMahwah, N.J. :$bLawrence Erlbaum Associates
=260  3\$aPhiladelphia :$bPsychology Press
=264  31$32013-$a[Washington?] :$bAmerican Psychological Association
=310  \\$aFour issues yearly
=321  \\$aTwo issues yearly,$b-2008
=336  \\$atext$2rdacontent
=337  \\$acomputer$2rdamedia
=338  \\$aonline resource$2rdacarrier
=362  1\$aPrint began in 1997.
=500  \\$aDescription based on: Vol. 8, issue 1 (2005); title from journal homepage on Lawrence Erlbaum Associates (viewed Oct. 20, 2005).
=588  \\$aLatest issue consulted: volume 23, issue 2 (May 2020) (viewed September 25, 2020).
=500  \\$a"An official journal of the Society of Psychologists in Management (SPIM)".
=530  \\$aAlso issued in print.
=538  \\$aMode of access: World Wide Web.
=540  \\$aCurrent Copyright Fee: GBP25.00$c0$5Uk
=650  \0$aPsychology, Industrial$vPeriodicals.
=650  \0$aPersonnel management$xPsychological aspects$vPeriodicals.
=650  \0$aPsychologists$vPeriodicals.
=650  \0$aManagement$vPeriodicals.
=710  2\$aSociety of Psychologists in Management.
=776  1\$tPsychologist manager journal$x1088-7156
=856  40$uhttp://www.informaworld.com/smpp/title~content=t775648165~db=all
=856  40$uhttp://www.leaonline.com/loi/tpmj
=856  40$uhttp://ejournals.ebsco.com/direct.asp?JournalID=113707
=856  40$uhttp://firstsearch.oclc.org$zAddress for accessing the journal using authorization number and password through OCLC FirstSearch Electronic Collections Online
=856  40$uhttps://www.apa.org/pubs/journals/mgr
=852  \\$aBritish Library$bDSC$j6946.534710$3Volume 8:Issue 1(2005)-Volume 15:Issue 4(2012)***See ESTAR for full holdings.
=945  \\$aPsychologist manager journal
=959  \\$fHeld but not currently received
=CAT  \\$a7174$b40$c20050916$lBLL01$h1616
=CAT  \\$aBATCH-UPD$b00$c20090101$lBLL01$h0053
=CAT  \\$aBATCH$b00$c20090101$lBLL01$h0229
=CAT  \\$aBATCH-UPD$b00$c20091118$lBLL01$h1245
=CAT  \\$aBATCH-UPD$b00$c20091231$lBLL01$h1810
=CAT  \\$aBATCH-UPD$b00$c20091231$lBLL01$h1830
=CAT  \\$aBATCH$b00$c20091231$lBLL01$h1850
=CAT  \\$a8464$b40$c20100428$lBLL01$h1141
=CAT  \\$a11316$b40$c20100901$lBLL01$h1458
=CAT  \\$a11316$b40$c20100901$lBLL01$h1515
=CAT  \\$aBATCH-UPD$b40$c20101116$lBLL01$h1332
=CAT  \\$aWR10_164$c20101215$lBLL01$h1511
=CAT  \\$aIPL-CLA$c20101231$lBLL01$h1516
=CAT  \\$aBATCH-UPD$b00$c20111123$lBLL01$h1838
=CAT  \\$aIPL-CLA$c20111230$lBLL01$h2022
=CAT  \\$aBATCH-CLA$b00$c20121109$lBLL01$h1728
=CAT  \\$aBATCH-UPD$b00$c20121121$lBLL01$h1613
=CAT  \\$aIPL-CLA$c20121231$lBLL01$h1317
=CAT  \\$aIPL-CLA$c20130102$lBLL01$h1740
=CAT  \\$a12654$b40$c20130710$lBLL01$h0941
=CAT  \\$a5552$b40$c20131105$lBLL01$h1147
=CAT  \\$aBATCH-CLA$b00$c20140125$lBLL01$h1258
=CAT  \\$aBATCH-CLA$c20140225$lBLL01$h2325
=CAT  \\$a10806$b40$c20200925$lBLL01$h1005
=CAT  \\$a5552$b40$c20200929$lBLL01$h0845
=CAT  \\$a8055$b40$c20200929$lBLL01$h1059
=CAT  \\$aBATCH-FIX$c20230511$lBLL01$h1629
=CAT  \\$a12654$b40$c20230515$lBLL01$h0909
=CFI  0\$aCurrent copyright fee: GBP25.00$c0$e15-may-2023$fGBP25.00$g0$hC$5Uk
=CFI  2\$aPrevious Copyright Fee: GBP20.00$c0$e29-sep-2020$fGBP20.00$g0$hC$5Uk
=CFI  2\$aPrevious copyright fee: GBP23.50$c2\0$e01-jan-2013$fGBP23.50$g0$hP$5Uk
=EST  \\$a1
=FIN  \\$aY$d20100901
=LKR  \\$aPAR$b008545297$lBLL01$r776$mThe psychologist-manager journal$nPSYCHOLOGIST MANAGER JOURNAL.
=MNI  \\$a1088-7156
=SRC  \\$aBLL02
=TCO  \\$aTRS$bCCC$c008
=TOC  \\$aETOC
=ACF  \\$aPrevious copyright fee: GBP23.00$c2\0$e01-jan-2012$fGBP23.00$g0$hP$5Uk
=ACF  \\$aPrevious copyright fee: GBP17.00$c2\0$e28-apr-2010$fGBP17.00$g0$hP$5Uk
=ACF  \\$aCurrent copyright fee: GBP17.00$c30\0$e01-jan-2010$fGBP17.00$g0$hP$5Uk
=ACF  \\$aPrevious copyright fee: GBP16.00$c30\0$e01-jan-2009$fGBP16.00$g0$hP$5Uk
=ACF  \\$aPrevious Copyright Fee: GBP15.00$c30\0$e01-jan-2008$fGBP15.00$g0$hP$5Uk
=ACF  \\$aPrevious copyright fee: GBP12.00$c30\0$e01-jul-2007$fGBP12.00$g0$hP$5Uk
=ACF  \\$aPrevious copyright fee: GBP12.30$c30\0$e01-apr-2007$fGBP12.30$g0$hP$5Uk
=ACF  \\$aPrevious copyright fee: GBP12.97$c30\0$e01-oct-2006$fGBP12.97$g0$hP$5Uk
=ACF  \\$aPrevious copyright fee: GBP13.72$c30\0$e01-apr-2006$fGBP13.72$g0$hP$5Uk
=ACF  \\$aPrevious copyright fee: GBP13.33$c30\0$e01-jan-2006$fGBP13.33$g0$hP$5Uk
=ACF  \\$aPrevious Copyright Fee: GBP12.98$c30\0$e16-sep-2005$fGBP12.98$g0$hP$5Uk
=ACF  \\$aPrevious copyright fee: GBP21.00$c2\0$e01-jan-2011$fGBP21.00$g0$hP$5Uk
=LAS  \\$a12654$b40$c20230515$lBLL01$h0909

