=LDR  05935cas a2201225 a 4500
=001  013362778
=003  Uk
=005  20230930080833.0
=006  m\\\\\\\\d\\\\\\\\
=007  cr||nu||||||||
=008  990728d19992008enkqr\pss\\\\\0\\\a0eng\d
=FMT  \\$a  SE
=015  \\$aGBA607215$2bnb
=022  \\$y1651-2286
=030  \\$aMERRFV
=035  \\$a(OCoLC)456209142
=040  \\$aF#A$cF#A$dOCLCQ$dUk
=042  \\$aukblsr
=050  14$aHF1051$b.R36
=082  04$a338.2$222
=130  0\$aMinerals & energy.$pRaw materials report (Online)
=245  10$aMinerals & energy.$pRaw materials report$h[electronic resource].
=246  30$aRaw materials report
=246  3\$aMinerals and energy.$pRaw materials report
=260  \\$aStockholm, Sweden :$bScandinavian University Press,$c1999-2008.
=260  2\$a[London] :$bTaylor & Francis
=260  3\$a[Abingdon] :$bRoutledge
=310  \\$aQuarterly
=336  \\$atext$2rdacontent
=337  \\$acomputer$2rdamedia
=338  \\$aonline resource$2rdacarrier
=362  1\$aPrint began with v. 14, no. 1 (1999) ; ceased with v. 23, no. 4 (2008).
=500  \\$aLatest issue consulted: Vol. 23, no. 4 (2008) (informaworld, contents screen viewed Aug. 18, 2010).
=538  \\$aMode of access: Internet.
=550  \\$aIssued by: Raw Materials Group; Centre for Energy, Petroleum & Mineral Law & Policy; and Luleå University of Technology.
=595  \\$aCONTINUED AS 5776.878000.
=540  \\$aCurrent copyright fee: GBP45.00$c0$5Uk
=690  7\$aManagement and Business Studies$2blcoll
=650  \0$aMineral industries$vPeriodicals.
=650  \0$aRaw materials$vPeriodicals.
=710  2\$aRaw Materials Group.
=710  2\$aUniversity of Dundee.$bCentre for Energy, Petroleum and Mineral Law and Policy.
=710  2\$aTekniska högskolan i Luleå.
=710  2\$aEBSCO Publishing (Firm)
=776  1\$tMinerals and energy. Raw materials report$x1404-1049
=780  00$tRaw materials report$x0349-6287
=785  00$tMineral economics$x2191-2211
=856  40$uhttp://www.informaworld.com/smpp/title~db=all~content=t713789630~tab=issueslist
=856  40$uhttp://qe2a-proxy.mun.ca/Login?url=http://search.ebscohost.com/direct.asp?db=aph&jid=BB3&scope=site$zInternet access available to MUN users only from Academic Search Premier: 03/01/2000 to 1 year ago
=856  40$uhttp://qe2a-proxy.mun.ca/Login?url=http://www.informaworld.com/openurl?genre=journal&issn=1404-1049$zInternet access available to MUN users only from InformaWorld Current Subscriptions: 1997 to present
=852  41$aBritish Library$bDSC$j5790.497000$3Volume 21:Issue 1(2006)-Volume 23:Issue 4(2008)***See ESTAR for full holdings.
=945  \\$aMINERALS AND ENERGY RAW MATERIALS REPORT
=959  \\$fHeld but not currently received
=CAT  \\$a7332$b40$c20051216$lBLL01$h0740
=CAT  \\$aBATCH-UPD$b00$c20131119$lBLL01$h1923
=CAT  \\$aIPL-CLA$c20131231$lBLL01$h2358
=CAT  \\$aBATCH-UPD$b00$c20141124$lBLL01$h1744
=CAT  \\$aBLDSS-3PM$b00$c20141130$lBLL01$h1249
=CAT  \\$aIPL-CLA$c20141231$lBLL01$h1653
=CAT  \\$aBATCH-UPD$b00$c20151119$lBLL01$h1527
=CAT  \\$aIPL-CLA$c20151231$lBLL01$h1923
=CAT  \\$aBATCH-UPD$b00$c20161122$lBLL01$h1456
=CAT  \\$aBATCH-UPD$b00$c20161122$lBLL01$h1509
=CAT  \\$aIPL-CLA$c20161230$lBLL01$h2150
=CAT  \\$aBATCH-UPD$b00$c20171121$lBLL01$h1632
=CAT  \\$aIPL-CLA$c20171231$lBLL01$h1650
=CAT  \\$aBATCH-UPD$b00$c20181217$lBLL01$h1633
=CAT  \\$aIPL-CLA$c20181231$lBLL01$h1543
=CAT  \\$aBATCH-UPD$b00$c20191122$lBLL01$h1855
=CAT  \\$aIPL-CLA$c20191231$lBLL01$h1937
=CAT  \\$aBATCH-UPD$b00$c20201118$lBLL01$h1328
=CAT  \\$aIPL-CLA$c20201231$lBLL01$h1529
=CAT  \\$aBATCH-UPD$b00$c20221121$lBLL01$h1325
=CAT  \\$aIPL-CLA$c20221231$lBLL01$h1447
=CAT  \\$a8874$b40$c20230801$lBLL01$h1001
=CAT  \\$a12654$b40$c20230803$lBLL01$h1335
=CAT  \\$aDEL-3PM$c20230807$lBLL01$h0859
=CAT  \\$a12654$b40$c20230912$lBLL01$h1018
=CAT  \\$aIPL-CLA$c20230930$lBLL01$h0808
=CFI  0\$aCurrent copyright fee: GBP45.00$c0$e01-oct-2023$fGBP45.00$g0$hC$5Uk
=CFI  2\$aPrevious copyright fee: GBP25.00$c0$e03-aug-2023$fGBP25.00$g0$hA$5Uk
=EST  \\$a1
=FIN  \\$aY$d20051216
=MNI  \\$a1404-1049
=SID  \\$aZ39$bOCLC
=TCO  \\$aCLA$bCLA$c008
=TOC  \\$aETOC
=ACF  \\$aPrevious copyright fee: GBP21.00$c15\0$e01-jan-2010$fGBP21.00$g0$hP$5Uk
=ACF  \\$aPrevious copyright fee: GBP20.00$c15\0$e01-jan-2009$fGBP20.00$g0$hP$5Uk
=ACF  \\$aPrevious copyright fee: GBP19.00$c15\0$e01-apr-2008$fGBP19.00$g0$hP$5Uk
=ACF  \\$aPrevious copyright fee: GBP20.00$c15\0$e01-jan-2007$fGBP20.00$g0$hP$5Uk
=ACF  \\$aPrevious copyright fee: GBP18.00$c15\0$e01-jan-2005$fGBP18.00$g0$hP$5Uk
=ACF  \\$aPrevious copyright fee: GBP25.00$c15\0$e01-jan-2011$fGBP25.00$g0$hP$5Uk
=ACF  \\$aPrevious copyright fee: GBP27.00$c15\0$e01-jan-2012$fGBP27.00$g0$hP$5Uk
=ACF  \\$aPrevious copyright fee: GBP27.50$c15\0$e01-jan-2013$fGBP27.50$g0$hP$5Uk
=ACF  \\$aPrevious copyright fee: GBP28.00$c15\0$e01-jan-2014$fGBP28.00$g0$hP$5Uk
=ACF  \\$aPrevious copyright fee: GBP30.00$c15\0$e01-jan-2015$fGBP30.00$g0$hP$5Uk
=ACF  \\$aPrevious copyright fee: GBP34.00$c15\0$e01-jan-2016$fGBP34.00$g0$hP$5Uk
=ACF  \\$aPrevious copyright fee: GBP36.00$c15\0$e01-jan-2017$fGBP36.00$g0$hP$5Uk
=ACF  \\$aPrevious copyright fee: GBP38.00$c15\0$e01-jan-2018$fGBP38.00$g0$hP$5Uk
=ACF  \\$aPrevious copyright fee: GBP40.00$c15\0$e01-jan-2019$fGBP40.00$g0$hP$5Uk
=ACF  \\$aPrevious copyright fee: GBP42.00$c15\0$e01-jan-2020$fGBP42.00$g0$hP$5Uk
=ACF  \\$aPrevious copyright fee: GBP46.00$c15\0$e01-jan-2023$fGBP46.00$g0$hP$5Uk
=ACF  \\$aPrevious copyright fee: GBP44.00$c15\0$e01-jan-2021$fGBP44.00$g0$hP$5Uk
=LAS  \\$aIPL-CLA$b00$c20230930$lBLL01$h0808

