=LDR  04682cas a2201021 a 4500
=001  013447316
=003  Uk
=005  20230511162910.0
=006  m\\\\\\\\d\\\\\\\\
=007  cr\cnu||||||||
=008  061108c20069999ne\qr\pso\\\\\0\\\a0eng\c
=FMT  \\$a  SE
=010  \\$a2006249210
=022  \\$y1673-3525
=035  \\$a(OCoLC)75428789$z(OCoLC)173395912$z(OCoLC)173412034$z(OCoLC)173421897$z(OCoLC)224901558
=040  \\$aZYU$beng$cZYU$dOCL$dAU@$dHUL$dOCLCQ$dUk
=042  \\$aukblsr
=043  \\$aa-cc---
=050  14$aD1$b.F76
=082  04$a951.005$223
=130  0\$aFrontiers of history in China (Online)
=245  10$aFrontiers of history in China$h[electronic resource] :$bselected publications from Chinese universities.
=260  \\$a[Amsterdam, Netherlands] :$bHigher Education Press, in association with Springer,$c2006-
=310  \\$aQuarterly
=336  \\$atext$2rdacontent
=337  \\$acomputer$2rdamedia
=338  \\$aonline resource$2rdacarrier
=362  0\$aVol. 1, no. 1 (Jan. 2006)-
=588  \\$aTitle from journal contents screen (MetaPress, viewed Nov. 8, 2006).
=530  \\$aAlso issued in print.
=538  \\$aMode of access: World Wide Web.
=588  \\$aLatest issue consulted: Vol. 6, no. 4 (Dec. 2011) (SpringerLink, viewed June 19, 2012).
=540  \\$aBritish Library not licensed to copy$c0$5Uk
=650  \0$aHistory$xResearch$zChina$vPeriodicals.
=655  \0$aElectronic journals.
=710  2\$aGao deng jiao yu chu ban she.
=776  08$iPrint version:$tFrontiers of history in China$x1673-3401
=856  40$uhttp://firstsearch.oclc.org$zAddress for accessing the journal using authorization number and password through OCLC FirstSearch Electronic Collections Online
=856  40$uhttp://firstsearch.oclc.org/journal=1673-3401;screen=info;ECOIP$zAddress for accessing the journal from an authorized IP address through OCLC FirstSearch Electronic Collections Online
=856  40$uhttp://www.metapress.com/openurl.asp?genre=journal&issn=1673-3401
=856  40$uhttp://www.springerlink.com/content/1673-3401/
=852  \\$aBritish Library$bDSC$j4042.024800$3Volume 1:Issue 1(2006)-Volume 6:Issue 4(2011)***See ESTAR for full holdings.
=945  \\$aFrontiers of history in China
=959  \\$fHeld but not currently received
=CAT  \\$a7174$b40$c20060411$lBLL01$h1646
=CAT  \\$aBATCH-UPD$b00$c20061229$lBLL01$h2109
=CAT  \\$aBATCH$b00$c20061229$lBLL01$h2156
=CAT  \\$aBATCH-UPD$b00$c20081119$lBLL01$h1556
=CAT  \\$aBATCH-UPD$b00$c20081231$lBLL01$h2323
=CAT  \\$aBATCH-UPD$b00$c20090101$lBLL01$h0055
=CAT  \\$aBATCH$b00$c20090101$lBLL01$h0230
=CAT  \\$aBATCH-UPD$b00$c20090319$lBLL01$h1053
=CAT  \\$aBATCH-UPD$b00$c20090331$lBLL01$h2316
=CAT  \\$aBATCH-UPD$b00$c20090401$lBLL01$h0046
=CAT  \\$aBATCH$b00$c20090401$lBLL01$h0216
=CAT  \\$aWR10_164$c20101215$lBLL01$h1511
=CAT  \\$aWR11_155$c20120104$lBLL01$h1854
=CAT  \\$aCDS12-UPD$b40$c20120206$lBLL01$h1842
=CAT  \\$aCDS12-UPD$b40$c20120207$lBLL01$h2018
=CAT  \\$a8124$b40$c20120619$lBLL01$h1200
=CAT  \\$aBATCH-UPD$b40$c20120812$lBLL01$h1906
=CAT  \\$aIPL-CLA$c20120812$lBLL01$h2028
=CAT  \\$a8439$b40$c20121101$lBLL01$h1457
=CAT  \\$aBATCH-CLA$b00$c20121109$lBLL01$h1727
=CAT  \\$aBLDSS-3PM$b00$c20150131$lBLL01$h2312
=CAT  \\$aBATCH-UPD$b00$c20160524$lBLL01$h2300
=CAT  \\$aBATCH-UPD$b00$c20160525$lBLL01$h0652
=CAT  \\$a12654$b40$c20220302$lBLL01$h0826
=CAT  \\$a12654$b40$c20220302$lBLL01$h0828
=CAT  \\$aDEL-3PM$c20220308$lBLL01$h0951
=CAT  \\$aBATCH-FIX$c20230511$lBLL01$h1629
=CFI  0\$aBritish Library not licensed to copy$c0$e02-mar-2021$hC$iTX$5Uk
=CFI  2\$aPrevious copyright fee: GBP22.00$c74\0$e01-nov-2012$fGBP22.00$g0$hP$5Uk
=EST  \\$a1
=FIN  \\$aY$d20120619
=LKR  \\$aPAR$b013478723$lBLL01$r776$mFrontiers of history in China (Online)$nFrontiers of history in China (Print)
=MNI  \\$a1673-3401
=SID  \\$aZ39$bOCLC
=TCO  \\$aZZZ$c008
=TOC  \\$aETOC
=UNO  \\$aY
=ACF  \\$aCurrent copyright fee: GBP22.00$c4\7$e12-aug-2012$fGBP22.00$g0$hP$5Uk
=ACF  \\$aPrevious copyright fee: GBP22.00$c4\7$e01-apr-2009$fGBP22.00$g0$hP$5Uk
=ACF  \\$aPrevious copyright fee: GBP21.25$c4\7$e01-jan-2009$fGBP21.25$g0$hP$5Uk
=ACF  \\$aPrevious copyright fee: GBP16.75$c4\7$e01-jan-2007$fGBP16.75$g0$hP$5Uk
=ACF  \\$aPrevious copyright fee: GBP16.22$c4\7$e01-oct-2006$fGBP16.22$g0$hP$5Uk
=ACF  \\$aPrevious Copyright Fee: GBP17.14$c4\7$e11-apr-2006$fGBP17.14$g0$hP$5Uk
=LAS  \\$aBATCH-FIX$b00$c20230511$lBLL01$h1629

