=LDR  03176cas a2200745 i 4500
=001  016633233
=003  Uk
=005  20230511163100.0
=006  m\\\\\\\\|\\\\\\\\
=007  cr\|||||||||||
=008  110606c19219999pl\bx\pso\\\\\0\\\b0pol\d
=FMT  \\$a  SE
=022  \\$y0031-3939
=035  \\$a(OCoLC)871833948
=040  \\$aOTZ$beng$cOTZ$dUk$erda
=041  0\$apol$beng
=042  \\$aukblsr
=050  \4$aRJ1$b.P272
=050  \4$aRJ1
=082  04$a618.920005$223
=245  00$aPediatria Polska.
=264  \1$a[Amsterdam] :$bPolskie Towarzystwo Penitencjarne
=264  31$aWarsaw :$bElsevier Urban & Partner
=310  \\$aSix issues a year
=336  \\$atext$2rdacontent
=337  \\$acomputer$2rdamedia
=338  \\$aonline resource$2rdacarrier
=338  \\$avolume$2rdacarrier
=362  1\$aPrint began in 1921.
=546  \\$aIn Polish with summaries in English.
=588  \\$aDescription based on: Tom 82, nr. 1 (styczeń 2007); title from PDF running title (Scholars Portal, viewed Aug. 30, 2013).
=588  \\$aLatest issue consulted: volume 89, issue 2 (March/April 2014) (ScienceDirect, viewed May 20, 2014).
=540  \\$aBritish Library not licensed to copy$c0$5Uk
=650  \0$aPediatrics$vPeriodicals.
=710  2\$aPolskie Towarzystwo Penitencjarne,$eissuing body.
=710  2\$aPolish Pediatric Society,$eissuing body.
=776  08$iPrint version:$tPediatria Polska$x0031-3939
=856  40$uhttp://sfx.scholarsportal.info/ottawa?url_ver=Z39.88-2004&url_ctx_fmt=infofi/fmt:kev:mtx:ctx&ctx_enc=info:ofi/enc:UTF-8&ctx_ver=Z39.88-2004&rfr_id=info:sid/sfxit.com:azlist&sfx.ignore_date_threshold=1&rft.object_id=954927562620&rft.object_portfolio_id=&svc.fulltext=yes$zafficher! /getit uOttawa
=856  40$uhttp://www.sciencedirect.com/science/journal/00313939
=852  41$aBritish Library$bDSC$j6417.500000$3Volume 89:Issue 1(2014)-Volume 92:Issue 6(2017)
=945  \\$aPediatria polska.
=959  \\$fHeld but not currently received
=CAT  \\$a12654$b40$c20140219$lBLL01$h1243
=CAT  \\$a8124$b40$c20140520$lBLL01$h1232
=CAT  \\$aBLDSS-3PM$b00$c20141222$lBLL01$h1721
=CAT  \\$aBATCH-UPD$b00$c20150903$lBLL01$h0857
=CAT  \\$aBATCH-UPD$b00$c20160615$lBLL01$h1138
=CAT  \\$aBATCH-UPD$b00$c20171121$lBLL01$h1755
=CAT  \\$aIPL-CLA$c20171231$lBLL01$h1823
=CAT  \\$a8055$b40$c20180327$lBLL01$h1116
=CAT  \\$aDEL-3PM$c20180404$lBLL01$h1016
=CAT  \\$a8055$b40$c20181129$lBLL01$h1052
=CAT  \\$a12654$b40$c20190718$lBLL01$h1227
=CAT  \\$aBATCH-FIX$c20230511$lBLL01$h1631
=CFI  0\$aBritish Library not licensed to copy$c0$e18-jul-2019$hC$iTX$5Uk
=CFI  2\$aPrevious copyright fee: GBP17.50$c0$e27-mar-2018$fGBP17.50$g0$hA$5Uk
=EST  \\$a1
=FIN  \\$aY$d20140520
=LKR  \\$aPAR$b007191276$lBLL01$nPediatria Polska (Print)$mPediatria Polska (Online)$r776
=MNI  \\$a0031-3939
=SID  \\$aZ39$bOCLC
=TOC  \\$aETOC
=ACF  \\$aPrevious copyright fee: GBP23.40$c5\1$e01-jan-2018$fGBP23.40$g0$hP$5Uk
=ACF  \\$aPrevious copyright fee: GBP22.50$c5\1$e19-feb-2014$fGBP22.50$g0$hP$5Uk
=LAS  \\$aBATCH-FIX$b00$c20230511$lBLL01$h1631

