=LDR  05242cas a2201177 a 4500
=001  013748493
=003  Uk
=005  20230511162926.0
=006  m\\\\f\\\d\\\\\\\\
=007  cr\|||||||||||
=008  070927c20079999fr\qr\p\o\\\\\0\\\a0fre\d
=FMT  \\$a  SE
=022  0\$a1778-381X$l1778-3798
=035  \\$a(OCoLC)173369972
=040  \\$aFQM$cFQM$dAFU$dKSU$dOCLCQ$dVPI$dUk
=041  0\$afre$beng
=042  \\$aukblsr
=050  14$aRC261.A1$bR47
=082  04$a362.196994$223
=222  \0$aPsycho-Oncologie$b(En ligne)
=245  00$aPsycho-Oncologie$h[electronic resource].
=260  \\$aParis :$bSpringer Science + Media,$c2007-
=310  \\$aQuarterly
=336  \\$atext$2rdacontent
=337  \\$acomputer$2rdamedia
=338  \\$aonline resource$2rdacarrier
=362  0\$aVol. 1, no. 1 (Mar. 2007)-
=546  \\$aText in French; abstracts in French and English.
=530  \\$aAlso issued in print.
=588  \\$aTitle from journal contents page (SpringerLink).
=588  \\$aLatest issue consulted: Vol. 6, no. 1 (Mar. 2012), viewed Apr. 17, 2012.
=540  \\$aCurrent copyright fee: GBP22.50$c0$5Uk
=650  \0$aCancer$xPsychological aspects$vPeriodicals.
=650  \0$aCancer$xSocial aspects$vPeriodicals.
=650  \0$aTumors$vPeriodicals.
=650  \2$aNeoplasms$xpsychology$vPeriodicals.
=650  \2$aNeoplasms$vPeriodicals.
=650  \2$aPsychology$vPeriodicals.
=650  \2$aBehavioral Sciences$vPeriodicals.
=690  7\$aSocial Welfare$2blcoll
=776  08$iPrint version:$tPsycho-oncologie$x1778-3798
=780  00$tRevue Francophone de psycho-oncologie (Online)$x1765-2863
=856  40$uhttp://www.springerlink.com/content/12055$zPsycho-oncologie$zUM/JMH only
=856  40$uhttp://www.springerlink.com/content/1778-3798/
=852  41$aBritish Library$bDSC$j6946.543100$3Volume 1:Issue 1(2007)-Volume 8:Issue 4(2014)***See ESTAR for full holdings.
=945  \\$aPsychooncologie
=959  \\$fHeld but not currently received
=CAT  \\$a7174$b40$c20070517$lBLL01$h1342
=CAT  \\$aBATCH-UPD$b00$c20150219$lBLL01$h1801
=CAT  \\$aCDS15-UPD$b40$c20150313$lBLL01$h1910
=CAT  \\$aIPL-CLA$c20150331$lBLL01$h1649
=CAT  \\$aBATCH-UPD$b00$c20150520$lBLL01$h1802
=CAT  \\$aIPL-CLA$c20150630$lBLL01$h1655
=CAT  \\$aBATCH-UPD$b00$c20150820$lBLL01$h1849
=CAT  \\$aIPL-CLA$c20150930$lBLL01$h1817
=CAT  \\$aBATCH-UPD$b00$c20160217$lBLL01$h1740
=CAT  \\$aIPL-CLA$c20160331$lBLL01$h1740
=CAT  \\$aBATCH-UPD$b00$c20160524$lBLL01$h2211
=CAT  \\$aBATCH-UPD$b00$c20160525$lBLL01$h0027
=CAT  \\$aBATCH-UPD$b00$c20160824$lBLL01$h1807
=CAT  \\$aIPL-CLA$c20160930$lBLL01$h1612
=CAT  \\$aBATCH-UPD$b00$c20170216$lBLL01$h1856
=CAT  \\$aIPL-CLA$c20170331$lBLL01$h1852
=CAT  \\$aBATCH-UPD$b00$c20170904$lBLL01$h1906
=CAT  \\$aIPL-CLA$c20170929$lBLL01$h1737
=CAT  \\$aBATCH-UPD$b00$c20180223$lBLL01$h1739
=CAT  \\$aIPL-CLA$c20180331$lBLL01$h1629
=CAT  \\$aBATCH-UPD$b00$c20180524$lBLL01$h1725
=CAT  \\$aIPL-CLA$c20180630$lBLL01$h1921
=CAT  \\$a5410$b40$c20200726$lBLL01$h2050
=CAT  \\$a12654$b40$c20220420$lBLL01$h0827
=CAT  \\$a12654$b40$c20220420$lBLL01$h0830
=CAT  \\$aDEL-3PM$c20220425$lBLL01$h1019
=CAT  \\$aBATCH-FIX$c20230511$lBLL01$h1629
=CFI  0\$aCurrent copyright fee: GBP22.50$c0$e20-apr-2022$fGBP22.50$g0$hC$5Uk
=CFI  2\$aPrevious copyright fee: GBP34.00$c22\1$e01-jul-2018$fGBP34.00$g0$hP$5Uk
=EST  \\$a1
=FIN  \\$aY$d20120417
=LKR  \\$aPAR$b013107776$lBLL01$r78000$mPsycho-oncologie (Online)$nRevue francophone de psycho-oncologie (Online)
=MNI  \\$a1778-3798
=SID  \\$aZ39$bOCLC
=TCO  \\$aFRA$bCFC$c008
=TOC  \\$aETOC
=UNO  \\$aY
=ACF  \\$aPrevious copyright fee: GBP28.54$c23\1$e01-apr-2018$fGBP28.54$g0$hP$5Uk
=ACF  \\$aPrevious copyright fee: GBP21.25$c23\1$e01-jan-2009$fGBP21.25$g0$hP$5Uk
=ACF  \\$aPrevious Copyright Fee: GBP16.75$c23\1$e17-may-2007$fGBP16.75$g0$hP$5Uk
=ACF  \\$aPrevious copyright fee: GBP22.00$c23\1$e01-apr-2009$fGBP22.00$g0$hP$5Uk
=ACF  \\$aPrevious copyright fee: GBP22.00$c23\1$e12-aug-2012$fGBP22.00$g0$hP$5Uk
=ACF  \\$aPrevious copyright fee: GBP25.00$c23\1$e01-jan-2013$fGBP25.00$g0$hP$5Uk
=ACF  \\$aPrevious copyright fee: GBP25.77$c23\1$e01-jul-2013$fGBP25.77$g0$hP$5Uk
=ACF  \\$aPrevious copyright fee: GBP24.97$c23\1$e01-jan-2014$fGBP24.97$g0$hP$5Uk
=ACF  \\$aPrevious copyright fee: GBP24.21$c23\1$e01-jul-2014$fGBP24.21$g0$hP$5Uk
=ACF  \\$aPrevious copyright fee: GBP25.77$c23\1$e01-apr-2015$fGBP25.77$g0$hP$5Uk
=ACF  \\$aPrevious copyright fee: GBP26.63$c23\1$e01-jul-2015$fGBP26.63$g0$hP$5Uk
=ACF  \\$aPrevious copyright fee: GBP25.77$c23\1$e01-oct-2015$fGBP25.77$g0$hP$5Uk
=ACF  \\$aPrevious copyright fee: GBP27.55$c23\1$e01-apr-2016$fGBP27.55$g0$hP$5Uk
=ACF  \\$aPrevious copyright fee: GBP29.59$c23\1$e01-oct-2016$fGBP29.59$g0$hP$5Uk
=ACF  \\$aPrevious copyright fee: GBP31.96$c23\1$e01-apr-2017$fGBP31.96$g0$hP$5Uk
=ACF  \\$aPrevious copyright fee: GBP30.73$c23\1$e01-oct-2017$fGBP30.73$g0$hP$5Uk
=LAS  \\$aBATCH-FIX$b00$c20230511$lBLL01$h1629

