=LDR  05716cas a2201189 a 4500
=001  015481862
=003  Uk
=005  20220930142808.0
=006  m\\\\\\\\u\\\\\\\\
=007  cr\|n|||||||||
=008  790813c197u9999xxumr\pss\\\\\0\\\a0eng\\
=FMT  \\$a  SE
=022  \\$y0193-4600
=035  \\$a(OCoLC)123491494
=040  \\$aNSDP$beng$cCUD$dOCLCQ$dOH1$dOCLCQ$dUk
=042  \\$aukblsr
=050  14$aHC10$b.B6
=082  04$a330.973$222
=130  0\$aBlue chip economic indicators (Online)
=245  10$aBlue chip economic indicators$h[electronic resource].
=260  \\$a[Alexandria, Va., etc. :$bCapitol Publications, etc.]
=260  3\$a[S.l.] :$bAspen Publishers
=310  \\$aMonthly
=336  \\$atext$2rdacontent
=337  \\$acomputer$2rdamedia
=338  \\$aonline resource$2rdacarrier
=362  1\$aPrint began with Vol. 1, no. 1.
=530  \\$aAlso issued in print.
=550  \\$aVols. for 197 -197 issued by Management Resources, inc.
=500  \\$aDescription based on print record.
=500  \\$aWolters Kluwer Law & Business/Aspen Publishers website consulted July 14, 2010 (no individual issues available to view).
=540  \\$aCurrent copyright fee: GBP20.83$c34\0$5Uk
=650  \0$aEconomic forecasting$vPeriodicals.
=650  \0$aEconomic indicators$vPeriodicals.
=690  7\$aManagement and Business Studies$2blcoll
=710  2\$aManagement Resources, Inc.
=776  1\$tBlue chip economic indicators$x0193-4600
=856  40$uhttp://rave.ohiolink.edu/ejournals/issn/01934600/$zConnect to (Online)
=856  40$uhttp://www.aspenpublishers.com/product.asp?catalog_name=Aspen&category_name=&product_id=9111140201
=852  41$aBritish Library$bDSC$j2114.048500$3Volume 32:Issue 1(2007)-Volume 34:Issue 10(2009)***See ESTAR for full holdings.
=945  \\$aBlue chip economic indicators
=959  \\$fHeld but not currently received
=CAT  \\$a8464$b40$c20100208$lBLL01$h0838
=CAT  \\$aBATCH-UPD$b00$c20160524$lBLL01$h2248
=CAT  \\$aBATCH-UPD$b00$c20160824$lBLL01$h1835
=CAT  \\$aIPL-CLA$c20160930$lBLL01$h1628
=CAT  \\$aBATCH-UPD$b00$c20170216$lBLL01$h1918
=CAT  \\$aIPL-CLA$c20170331$lBLL01$h1905
=CAT  \\$aBATCH-UPD$b00$c20170904$lBLL01$h1939
=CAT  \\$aIPL-CLA$c20170929$lBLL01$h1751
=CAT  \\$aBATCH-UPD$b00$c20180223$lBLL01$h1814
=CAT  \\$aIPL-CLA$c20180331$lBLL01$h1647
=CAT  \\$aBATCH-UPD$b00$c20180823$lBLL01$h1954
=CAT  \\$aIPL-CLA$c20180930$lBLL01$h1511
=CAT  \\$aBATCH-UPD$b00$c20190829$lBLL01$h1555
=CAT  \\$aIPL-CLA$c20190930$lBLL01$h1647
=CAT  \\$aBATCH-UPD$b00$c20200219$lBLL01$h1536
=CAT  \\$aIPL-CLA$c20200331$lBLL01$h1624
=CAT  \\$aBATCH-UPD$b00$c20200522$lBLL01$h1519
=CAT  \\$aIPL-CLA$c20200701$lBLL01$h0108
=CAT  \\$aBATCH-UPD$b00$c20210226$lBLL01$h1102
=CAT  \\$aIPL-CLA$c20210331$lBLL01$h1701
=CAT  \\$aBATCH-UPD$b00$c20210707$lBLL01$h1625
=CAT  \\$aIPL-CLA$c20210707$lBLL01$h1844
=CAT  \\$aBATCH-UPD$b00$c20220520$lBLL01$h1706
=CAT  \\$aIPL-CLA$c20220630$lBLL01$h1538
=CAT  \\$aBATCH-UPD$b00$c20220824$lBLL01$h0929
=CAT  \\$aIPL-CLA$c20220930$lBLL01$h1428
=CFI  0\$aCurrent copyright fee: GBP20.83$c34\0$e01-oct-2022$fGBP20.83$g0$hP$5Uk
=CFI  2\$aPrevious copyright fee: GBP20.00$c34\0$e01-jul-2022$fGBP20.00$g0$hP$5Uk
=EST  \\$a1
=FIN  \\$aY$d20100714
=LKR  \\$aPAR$b010214639$lBLL01$nBlue chip economic indicators (Print)$mBlue chip economic indicators (Online)$r776
=MNI  \\$a0193-4600
=SID  \\$aZ39$bOCLC
=TCO  \\$aTRS$bCCC$c008
=TOC  \\$aETOC
=UNO  \\$aY
=ACF  \\$aPrevious copyright fee: GBP15.63$c34\0$e01-jul-2011$fGBP15.63$g0$hP$5Uk
=ACF  \\$aPrevious copyright fee: GBP16.13$c34\0$e01-jul-2010$fGBP16.13$g0$hP$5Uk
=ACF  \\$aPrevious copyright fee: GBP15.15$c34\0$e08-feb-2010$fGBP15.15$g0$hP$5Uk
=ACF  \\$aPrevious copyright fee: GBP16.13$c34\0$e01-jan-2012$fGBP16.13$g0$hP$5Uk
=ACF  \\$aPrevious copyright fee: GBP15.15$c34\0$e01-jul-2012$fGBP15.15$g0$hP$5Uk
=ACF  \\$aPrevious copyright fee: GBP15.63$c34\0$e01-jan-2013$fGBP15.63$g0$hP$5Uk
=ACF  \\$aPrevious copyright fee: GBP16.13$c34\0$e01-jul-2013$fGBP16.13$g0$hP$5Uk
=ACF  \\$aPrevious copyright fee: GBP15.63$c34\0$e01-jan-2014$fGBP15.63$g0$hP$5Uk
=ACF  \\$aPrevious copyright fee: GBP15.15$c34\0$e01-jul-2014$fGBP15.15$g0$hP$5Uk
=ACF  \\$aPrevious copyright fee: GBP16.13$c34\0$e01-apr-2015$fGBP16.13$g0$hP$5Uk
=ACF  \\$aPrevious copyright fee: GBP16.37$c34\0$e01-jul-2015$fGBP16.37$g0$hP$5Uk
=ACF  \\$aPrevious copyright fee: GBP16.13$c34\0$e01-oct-2015$fGBP16.13$g0$hP$5Uk
=ACF  \\$aPrevious copyright fee: GBP17.24$c34\0$e01-apr-2016$fGBP17.24$g0$hP$5Uk
=ACF  \\$aPrevious copyright fee: GBP18.52$c34\0$e01-oct-2016$fGBP18.52$g0$hP$5Uk
=ACF  \\$aPrevious copyright fee: GBP20.00$c34\0$e01-apr-2017$fGBP20.00$g0$hP$5Uk
=ACF  \\$aPrevious copyright fee: GBP19.23$c34\0$e01-oct-2017$fGBP19.23$g0$hP$5Uk
=ACF  \\$aPrevious copyright fee: GBP17.86$c34\0$e01-apr-2018$fGBP17.86$g0$hP$5Uk
=ACF  \\$aPrevious copyright fee: GBP19.23$c34\0$e01-oct-2018$fGBP19.23$g0$hP$5Uk
=ACF  \\$aPrevious copyright fee: GBP20.00$c34\0$e01-oct-2019$fGBP20.00$g0$hP$5Uk
=ACF  \\$aPrevious copyright fee: GBP19.23$c34\0$e01-apr-2020$fGBP19.23$g0$hP$5Uk
=ACF  \\$aPrevious copyright fee: GBP20.00$c34\0$e01-jul-2020$fGBP20.00$g0$hP$5Uk
=ACF  \\$aPrevious copyright fee: GBP18.52$c34\0$e01-apr-2021$fGBP18.52$g0$hP$5Uk
=ACF  \\$aPrevious copyright fee: GBP17.86$c34\0$e07-jul-2021$fGBP17.86$g0$hP$5Uk
=LAS  \\$aIPL-CLA$b00$c20220930$lBLL01$h1428

