=LDR  04924cas a2201069 a 4500
=001  015506963
=003  Uk
=005  20230511163007.0
=006  m\\\\\\\\d\\\\\\\\
=007  cr\cn|||||||||
=008  000505d19952013nyuqr\pss\\\\\0\\\a0eng\c
=FMT  \\$a  SE
=010  \\$a00215136
=022  0\$a1530-017X$l1087-4208$y1087-4208$21
=035  \\$a(OCoLC)43986483
=040  \\$aNSD$beng$cNSD$dOCLCQ$dOCL$dOCLCQ$dDLC$dNSD$dOCLCQ$dDLC$dUK
=042  \\$ansdp$aukblsr
=082  10$a616.8916$222
=130  0\$aJournal of neurotherapy (Online)
=222  \0$aJournal of neurotherapy$b(Online)
=245  10$aJournal of neurotherapy$h[electronic resource].
=260  \\$aBinghamton, NY :$bHaworth
=260  3\$a[S.l.] :$bRoutledge, Taylor & Francis Group
=310  \\$aQuarterly
=336  \\$atext$2rdacontent
=337  \\$acomputer$2rdamedia
=338  \\$aonline resource$2rdacarrier
=362  1\$aPrint began with vol. 1, no. 1 (summer 1995).
=530  \\$aAlso issued in print.
=550  \\$aOfficial publication of the International Society for Neurofeedback and Research.
=500  \\$aDescription based on: Vol. 7, no. 1 (2003); title from journal information screen (FirstSearch, viewed Apr. 30, 2004).
=500  \\$aLatest issue consulted: Vol. 14, issue 2 (2010) (informaworld, June 16, 2010).
=540  \\$aCurrent Copyright Fee: GBP27.00$c0$5Uk
=650  \0$aBiofeedback training$vPeriodicals.
=650  \0$aBrain$xDiseases$xTreatment$vPeriodicals.
=650  \0$aElectroencephalography$vPeriodicals.
=776  1\$tJournal of neurotherapy$x1087-4208
=710  2\$aInternational Society for Neurofeedback and Research.
=856  4\$uhttp://firstsearch.oclc.org/journal=1087-4208;screen=info;ECOIP$zAddress for accessing the journal from an authorized IP address through OCLC FirstSearch Electronic Collections Online
=856  4\$uhttp://www.tandf.co.uk/journals/titles/10874208.asp
=856  40$uhttp://www.tandfonline.com/loi/wneu20
=852  41$aBritish Library$bDSC$j5022.260000$3Volume 13:Issue 1(2009)-Volume 17:Issue 4(2013)***See ESTAR for full holdings.
=945  \\$aJournal of neurotherapy
=959  \\$fHeld but not currently received
=985  \\$aCorrected by BSS-generated file for WR# 10/166
=CAT  \\$a11033$b40$c20100310$lBLL01$h1431
=CAT  \\$aBATCH-UPD$b00$c20111123$lBLL01$h1839
=CAT  \\$aIPL-CLA$c20111230$lBLL01$h2035
=CAT  \\$a12500$b40$c20120118$lBLL01$h1634
=CAT  \\$a8483$b40$c20120313$lBLL01$h1329
=CAT  \\$aBATCH-CLA$b00$c20121109$lBLL01$h1721
=CAT  \\$aBATCH-UPD$b00$c20121121$lBLL01$h1614
=CAT  \\$aIPL-CLA$c20121231$lBLL01$h1328
=CAT  \\$aIPL-CLA$c20130102$lBLL01$h1802
=CAT  \\$aBATCH-UPD$b00$c20131119$lBLL01$h2002
=CAT  \\$aIPL-CLA$c20140101$lBLL01$h0128
=CAT  \\$aBATCH-UPD$b00$c20141124$lBLL01$h1805
=CAT  \\$aBLDSS-3PM$b00$c20141130$lBLL01$h1250
=CAT  \\$aIPL-CLA$c20141231$lBLL01$h1701
=CAT  \\$aBATCH-UPD$b00$c20151119$lBLL01$h1545
=CAT  \\$aIPL-CLA$c20151231$lBLL01$h1931
=CAT  \\$a5552$b40$c20160629$lBLL01$h1142
=CAT  \\$a7778$b40$c20161219$lBLL01$h0737
=CAT  \\$aBATCH-CLA$b00$c20161222$lBLL01$h1830
=CAT  \\$aIPL-CLA$c20161230$lBLL01$h2341
=CAT  \\$aBATCH-CLA$b00$c20171222$lBLL01$h2201
=CAT  \\$aIPL-CLA$c20171231$lBLL01$h1759
=CAT  \\$aBATCH-CLA$b00$c20191219$lBLL01$h1754
=CAT  \\$aIPL-CLA$c20191231$lBLL01$h2022
=CAT  \\$aR2001-1524$c20200127$lBLL01$h2048
=CAT  \\$a12654$b40$c20200317$lBLL01$h1133
=CAT  \\$aBATCH-FIX$c20230511$lBLL01$h1630
=CFI  0\$aCurrent Copyright Fee: GBP27.00$c0$e17-mar-2020$fGBP27.00$g0$hC$5Uk
=CFI  2\$aPrevious Copyright Fee: GBP20.00$c0$e01-jan-2020$fGBP20.00$g0$hA$5Uk
=EST  \\$a1
=FIN  \\$aY$d20100616
=LKR  \\$aPAR$b010491042$lBLL01$nJournal of neurotherapy (Print)$mJournal of neurotherapy (Online)$r776
=MNI  \\$a1087-4208
=SID  \\$aZ39$bOCLC
=TCO  \\$aTRS$bCCC$c008
=TOC  \\$aETOC
=ACF  \\$aPrevious Copyright Fee: GBP17.50$c0$e01-jan-2018$fGBP17.50$g0$hA$5Uk
=ACF  \\$aPrevious copyright fee: GBP17.00$c2\0$e10-mar-2010$fGBP17.00$g0$hP$5Uk
=ACF  \\$aPrevious copyright fee: GBP21.00$c2\0$e01-jan-2011$fGBP21.00$g0$hP$5Uk
=ACF  \\$aPrevious copyright fee: GBP23.00$c2\0$e01-jan-2012$fGBP23.00$g0$hP$5Uk
=ACF  \\$aPrevious copyright fee: GBP23.50$c2\0$e01-jan-2013$fGBP23.50$g0$hP$5Uk
=ACF  \\$aPrevious copyright fee: GBP24.00$c2\0$e01-jan-2014$fGBP24.00$g0$hP$5Uk
=ACF  \\$aPrevious copyright fee: GBP26.00$c2\0$e01-jan-2016$fGBP26.00$g0$hP$5Uk
=ACF  \\$aPrevious copyright fee: GBP25.00$c2\0$e01-jan-2015$fGBP25.00$g0$hP$5Uk
=ACF  \\$aPrevious copyright fee: GBP12.30$c0$e29-jun-2016$fGBP12.30$g0$hA$5Uk
=ACF  \\$aPrevious Copyright Fee: GBP15.00$c0$e01-jan-2017$fGBP15.00$g0$hA$5Uk
=LAS  \\$aBATCH-FIX$b00$c20230511$lBLL01$h1630

