=LDR  04146cas a2200961 a 4500
=001  015828424
=003  Uk
=005  20230511163028.0
=006  m\\\\\\\\d\\\\\\\\
=007  cr\|||||||||||
=008  050614c19629999mauqr\pss\\\\\0\\\a0eng\c
=FMT  \\$a  SE
=010  \\$a  2005228019
=022  \\$a1559-3584$y0028-1425
=035  \\$a(OCoLC)60628259
=040  \\$aOCoLC$cOCoLC$dNSDP$dOCoLC$dTxCM$dUk
=042  \\$ansdp$aukblsr
=050  \4$aVM1$b.A5
=082  04$a623.8705$223
=130  0\$aNaval engineers journal (Online)
=210  0\$aNav. eng. j.$b(Online)
=222  \0$aNaval engineers journal$b(Online)
=245  10$aNaval engineers journal$h[electronic resource].
=246  1\$iIssues for <winter 2002-> also called:$aNEJ
=260  \\$a[Washington] :$bAmerican Society of Naval Engineers
=260  2\$a[Malden, MA :$bBlackwell]
=260  3\$a[Malden, MA :$bWiley-Blackwell]
=310  \\$aQuarterly,$b2001-
=321  \\$aBimonthly,$b1962-2000
=336  \\$atext$2rdacontent
=337  \\$acomputer$2rdamedia
=338  \\$aonline resource$2rdacarrier
=362  1\$aPrint began with vol. 74, no. 2 ( May 1962).
=580  \\$aIncludes issues of earlier title: Journal of the American Society of Naval Engineers, inc.
=555  \\$a1889-1979. 1 v.
=588  \\$aDescription based on: Vol. 109, no.1 (Jan. 1997); title from PDF article running title (Wiley Online Library, viewed Mar. 4, 2011).
=588  \\$aLatest issue consulted: Vol. 122, no. 4 (Dec. 2010) (Wiley Online Library, viewed Mar. 4, 2011).
=540  \\$aBritish Library not licensed to copy$c0$5Uk
=650  \0$aNaval architecture$vPeriodicals.
=650  \0$aMarine engineering$vPeriodicals.
=710  2\$aAmerican Society of Naval Engineers.
=776  08$iPrint version:$tNaval engineers journal$x0028-1425
=780  10$tJournal of the American Society of Naval Engineers, inc.
=856  4\$uhttp://www.navalengineers.org/publications/navalengineersjournal/Pages/ASNELandingPage.aspx$zAccess through login with ASNE password
=856  40$uhttp://onlinelibrary.wiley.com/journal/10.1111/(ISSN)1559-3584/issues
=852  41$aBritish Library$bDSC$j6064.200000$3Volume 122:Issue 1(2010)-Volume 123:Issue 4(2011)***See ESTAR for full holdings.
=945  \\$aNaval engineers journal
=959  \\$fHeld but not currently received
=985  \\$aCONFERENCE ANALYTIC &RECORDS EXIST
=CAT  \\$a12500$b40$c20110617$lBLL01$h1122
=CAT  \\$a12654$b40$c20110629$lBLL01$h1416
=CAT  \\$a5552$b40$c20110706$lBLL01$h0940
=CAT  \\$a8323$b40$c20110817$lBLL01$h0949
=CAT  \\$aCDS12-UPD$b40$c20120402$lBLL01$h1434
=CAT  \\$a6162$b40$c20140819$lBLL01$h1455
=CAT  \\$aBLDSS-3PM$b00$c20141214$lBLL01$h1526
=CAT  \\$aBATCH-UPD$b00$c20150215$lBLL01$h1636
=CAT  \\$aIPL-CLA$c20150228$lBLL01$h2056
=CAT  \\$aBATCH-UPD$b00$c20170304$lBLL01$h1236
=CAT  \\$aW1703-0316$c20170306$lBLL01$h1827
=CAT  \\$aW1703-0316$c20170307$lBLL01$h1650
=CAT  \\$aIPL-CLA$c20170307$lBLL01$h1825
=CAT  \\$aBATCH-UPD$b00$c20180219$lBLL01$h1755
=CAT  \\$a5552$b40$c20181109$lBLL01$h1414
=CAT  \\$aBATCH-CLA$b00$c20191219$lBLL01$h1756
=CAT  \\$aIPL-CLA$c20191231$lBLL01$h2028
=CAT  \\$aR2001-1524$c20200127$lBLL01$h2053
=CAT  \\$a12654$b40$c20200213$lBLL01$h0812
=CAT  \\$a5552$b40$c20200313$lBLL01$h0930
=CAT  \\$aBATCH-FIX$c20230511$lBLL01$h1630
=CFI  0\$aBritish Library not licensed to copy$c0$e13-feb-2020$hC$iCFP Excluded$5Uk
=CFI  2\$aPrevious copyright Fee: GBP20.00$c0$e01-jan-2020$fGBP20.00$g0$hA$5Uk
=EST  \\$a1
=FIN  \\$aY$d20110817
=MNI  \\$a0028-1425
=SRC  \\$aBLL02
=TCO  \\$aTRS$bCCC$c008
=TOC  \\$aETOC
=ACF  \\$aPrevious copyright fee: GBP17.50$c0$e09-nov-2018$fGBP17.50$g0$hA$5Uk
=ACF  \\$aPrevious copyright fee: GBP22.00$c10\0$e17-jun-2011$fGBP22.00$g0$hP$5Uk
=ACF  \\$aPrevious copyright fee: GBP24.00$c35\0$e07-mar-2017$fGBP24.00$g0$hP$5Uk
=ACF  \\$aPrevious copyright fee: GBP24.00$c10\0$e01-mar-2015$fGBP24.00$g0$hP$5Uk
=LAS  \\$aBATCH-FIX$b00$c20230511$lBLL01$h1630

