=LDR  06793cas a2201321 a 4500
=001  014528201
=003  Uk
=005  20230511162942.0
=006  m\\\\\o\\d\\\\\\\\
=007  cr\|||||||||||
=008  790824c19609999gw\qx\pso\\\\\0\\\b0ger\\
=FMT  \\$a  SE
=022  0\$a1865-9748$l0044-2585
=035  \\$a(OCoLC)501274620$z(OCoLC)858652762$z(OCoLC)871804598
=040  \\$aAU@$beng$cAU@$dCIT$dVPI$dOCLCQ$dTXA$dVT2$dOCLCO$dOTZ$dOCLCO$dUk
=041  0\$ager$beng
=042  \\$aukblsr
=082  04$a368.005$223
=130  0\$aZeitschrift für die gesamte Versicherungswissenschaft (Online)
=222  \0$aZeitschrift für die gesamte Versicherungswissenschaft$b(1960. Internet)
=245  10$aZeitschrift für die gesamte Versicherungswissenschaft$h[electronic resource].
=246  1\$aZVersWiss
=264  \1$a[Berlin :$bDuncker und Humblot]
=264  21$3<2008->$aHeidelberg :$bSpringer
=264  31$32023-$aBerlin :$bDuncker & Humblot GmbH
=310  \\$aFive issues a year,$b<2008->
=321  \\$aQuarterly,$b<1979>-<2004>
=336  \\$atext$2rdacontent
=337  \\$acomputer$2rdamedia
=338  \\$aonline resource$2rdacarrier
=362  1\$aPrint began with: 49. Bd. (1960).
=500  \\$aGerman journal of risk and insurance.
=515  \\$aSome numbers issued in combined form.
=525  \\$aHas occasional supplements.
=546  \\$aText in German; some abstracts also in English.
=550  \\$aIssued by Deutscher Verein für Versicherungs-Wissenschaft.
=588  \\$aDescription based on: Vol. 97, no. 1 (Mar. 2008); title from journal home page (SpringerLink, Feb. 23, 2010).
=588  \\$aLatest issue consulted: Band 112, heft 1 (2023) (https://www.duncker-humblot.de/, viewed March 21, 2023).
=540  \\$aCurrent copyright fee: GBP29.95$c0$5Uk
=650  \0$aInsurance$vPeriodicals.
=650  \0$aRisk$vPeriodicals.
=655  \0$aElectronic journals.
=690  7\$aManagement and Business Studies$2blcoll
=710  2\$aDeutscher Verein für Versicherungs-Wissenschaft.
=776  08$iPrint version:$tZeitschrift für die gesamte Versicherungs-Wissenschaft$x0044-2585
=780  00$tVersicherungswissenschaftliches Archiv
=856  40$uhttps://www.duncker-humblot.de/einzelheft/zeitschrift-fuer-die-gesamte-versicherungswissenschaft-zverswiss-3077/?page_id=0
=856  40$uhttp://www.springerlink.com/content/121047$zLink no longer valid
=856  40$uhttp://www.springerlink.com/openurl.asp?genre=journal&issn=0044-2585$z1998-
=856  40$uhttp://www.springerlink.com/openurl.asp?genre=journal&eissn=1865-9748$z1998-
=856  40$uhttp://www.metapress.com/content/121047$z1998-
=856  40$uhttp://www.metapress.com/openurl.asp?genre=journal&issn=0044-2585$z1998-
=856  40$uhttp://www.metapress.com/openurl.asp?genre=journal&eissn=1865-9748$z1998-
=856  40$uhttp://sfx.scholarsportal.info/ottawa?url_ver=Z39.88-2004&url_ctx_fmt=infofi/fmt:kev:mtx:ctx&ctx_enc=info:ofi/enc:UTF-8&ctx_ver=Z39.88-2004&rfr_id=info:sid/sfxit.com:azlist&sfx.ignore_date_threshold=1&rft.object_id=110978976477983$zafficher! /getit uOttawa
=852  41$aBritish Library$bDSC$j9463.060000$3Volume 93:Issue 1(2004)-Volume 103:Issue 5(2014)***See ESTAR for full holdings.
=945  \\$aZeitschrift fur die gesamte versicherungswissenschaft
=959  \\$fHeld but not currently received
=979  \\$aBritish Library$bDSC$j9463.060000
=CAT  \\$a7174$b40$c20080222$lBLL01$h1421
=CAT  \\$a8124$b40$c20150909$lBLL01$h0942
=CAT  \\$aBATCH-MBS$c20150918$lBLL01$h2047
=CAT  \\$aIPL-CLA$c20150930$lBLL01$h1826
=CAT  \\$aBATCH-UPD$b00$c20160217$lBLL01$h1728
=CAT  \\$aIPL-CLA$c20160331$lBLL01$h1748
=CAT  \\$aBATCH-UPD$b00$c20160524$lBLL01$h2212
=CAT  \\$aBATCH-UPD$b00$c20160525$lBLL01$h0033
=CAT  \\$aBATCH-UPD$b00$c20160824$lBLL01$h1756
=CAT  \\$aIPL-CLA$c20160930$lBLL01$h1619
=CAT  \\$aBATCH-UPD$b00$c20170216$lBLL01$h1844
=CAT  \\$aIPL-CLA$c20170331$lBLL01$h1857
=CAT  \\$aBATCH-UPD$b00$c20170904$lBLL01$h1853
=CAT  \\$aIPL-CLA$c20170929$lBLL01$h1743
=CAT  \\$aBATCH-UPD$b00$c20180223$lBLL01$h1723
=CAT  \\$aIPL-CLA$c20180331$lBLL01$h1636
=CAT  \\$aBATCH-UPD$b00$c20180524$lBLL01$h1714
=CAT  \\$aIPL-CLA$c20180630$lBLL01$h1925
=CAT  \\$a5410$b40$c20200121$lBLL01$h0917
=CAT  \\$a5410$b40$c20221025$lBLL01$h1305
=CAT  \\$a12654$b40$c20221109$lBLL01$h1136
=CAT  \\$a12654$b40$c20221115$lBLL01$h0849
=CAT  \\$aIPL-CLA$c20221231$lBLL01$h1449
=CAT  \\$aDEL-3PM$c20230116$lBLL01$h0957
=CAT  \\$a8055$b40$c20230314$lBLL01$h1454
=CAT  \\$a10973$b40$c20230321$lBLL01$h1615
=CAT  \\$aBATCH-FIX$c20230511$lBLL01$h1629
=CFI  0\$aCurrent Copyright Fee: GBP29.95$c0$e14-mar-2023$fGBP29.95$g0$hC$5Uk
=CFI  2\$aPrevious copyright fee: GBP25.00$c0$e01-jan-2023$fGBP25.00$g0$hC$5Uk
=EST  \\$a1
=FIN  \\$aY$d20150909
=LKR  \\$aPAR$b012429195$lBLL01$r776$mZeitschrift fur die gesamte versicherungswissenschaft [electronic resource].$nZeitschrift für die gesamte Versicherungswissenschaft (Print).
=MNI  \\$a0044-2585
=SID  \\$aZ39$bOCLC
=TCO  \\$aDEU$bVG WORT$c008
=TOC  \\$aETOC
=UNO  \\$aY
=ACF  \\$aPrevious copyright fee: GBP34.00$c22\1$e01-jul-2018$fGBP34.00$g0$hP$5Uk
=ACF  \\$aPrevious copyright fee: GBP21.25$c22\3$e01-jan-2009$fGBP21.25$g0$hP$5Uk
=ACF  \\$aPrevious Copyright Fee: GBP16.75$c22\3$e22-feb-2008$fGBP16.75$g0$hP$5Uk
=ACF  \\$aPrevious copyright fee: GBP22.00$c22\3$e01-apr-2009$fGBP22.00$g0$hP$5Uk
=ACF  \\$aPrevious copyright fee: GBP22.00$c22\3$e12-aug-2012$fGBP22.00$g0$hP$5Uk
=ACF  \\$aPrevious copyright fee: GBP25.00$c22\3$e01-jan-2013$fGBP25.00$g0$hP$5Uk
=ACF  \\$aPrevious copyright fee: GBP25.77$c22\3$e01-jul-2013$fGBP25.77$g0$hP$5Uk
=ACF  \\$aPrevious copyright fee: GBP24.97$c22\3$e01-jan-2014$fGBP24.97$g0$hP$5Uk
=ACF  \\$aPrevious copyright fee: GBP24.21$c22\3$e01-jul-2014$fGBP24.21$g0$hP$5Uk
=ACF  \\$aPrevious copyright fee: GBP25.77$c22\3$e01-apr-2015$fGBP25.77$g0$hP$5Uk
=ACF  \\$aPrevious copyright fee: GBP26.63$c22\3$e01-jul-2015$fGBP26.63$g0$hP$5Uk
=ACF  \\$aPrevious copyright fee: GBP25.77$c22\3$e01-oct-2015$fGBP25.77$g0$hP$5Uk
=ACF  \\$aPrevious copyright fee: GBP27.55$c22\3$e01-apr-2016$fGBP27.55$g0$hP$5Uk
=ACF  \\$aPrevious copyright fee: GBP29.59$c22\3$e01-oct-2016$fGBP29.59$g0$hP$5Uk
=ACF  \\$aPrevious copyright fee: GBP31.96$c22\3$e01-apr-2017$fGBP31.96$g0$hP$5Uk
=ACF  \\$aPrevious copyright fee: GBP30.73$c22\3$e01-oct-2017$fGBP30.73$g0$hP$5Uk
=ACF  \\$aPrevious copyright fee: GBP28.54$c22\3$e01-apr-2018$fGBP28.54$g0$hP$5Uk
=LAS  \\$aBATCH-FIX$b00$c20230511$lBLL01$h1629

