=LDR  04935cas a2201117 a 4500
=001  014940521
=003  Uk
=005  20221231144952.0
=006  m\\\\\\\\d\\\\\\\\
=007  cr||||||||||||
=008  050616c19449999enkfr\p\s\\\\\0\\\a0eng\d
=FMT  \\$a  SE
=010  \\$a  2007212662
=015  \\$aGBA976163$2bnb
=022  \\$a1939-4055$y0075-0778$21
=035  \\$a(OCoLC)60652540
=040  \\$aOCoLC$cOCoLC$dNSDP$dOCoLC$dNSDP$dUk
=042  \\$aukblsr$ansdp
=043  \\$ae-ie---
=050  10$aISSN RECORD
=050  \4$aDA900$b.G4
=082  04$a914.15$222
=130  0\$aIrish geography (Online)
=210  0\$aIr. geogr.$b(Online)
=222  \0$aIrish geography$b(Online)
=245  10$aIrish geography$h[electronic resource].
=260  \\$aAbingdon, Oxfordshire, UK :$bRoutledge, Taylor & Francis Group
=336  \\$atext$2rdacontent
=337  \\$acomputer$2rdamedia
=338  \\$aonline resource$2rdacarrier
=362  1\$aPrint began in 1944.
=530  \\$aAlso issued in print format.
=500  \\$aPrint published in Dublin by the Geographical Society of Ireland, 1944-
=500  \\$aDescription based on: Vol. 41 Issue 1 (2008); title from caption (Informaworld website, viewed Apr. 14, 2009)
=500  \\$aLatest issue consulted: Vol. 42 Issue 1 (2009) (Informaworld website, viewed Apr. 14, 2009)
=540  \\$aCurrent Copyright Fee: GBP25.00$c0$5Uk
=651  \0$aIreland$xDescription and travel$vPeriodicals.
=710  2\$aGeographical Society of Ireland.
=710  2\$aGeographical Society of Ireland.$tBulletin.
=776  1\$tIrish geography$x0075-0778
=856  40$uhttp://www.informaworld.com/rigy
=856  40$uhttp://www.ucd.ie/gsi/journal.html$zSome issues available from the print ed. publisher's website at:
=856  42$uhttp://ejournals.ebsco.com/direct.asp?JournalID=109107
=852  41$aBritish Library$bDSC$j4571.500000$3Volume 40:Issue 1(2007)-Volume 44:Issue 2/3(2011)***See ESTAR for full holdings.
=945  \\$aIrish geography
=959  \\$fHeld but not currently received
=CAT  \\$a6811$b40$c20090326$lBLL01$h1404
=CAT  \\$aIPL-CLA$c20121231$lBLL01$h1327
=CAT  \\$aIPL-CLA$c20130102$lBLL01$h1758
=CAT  \\$aBATCH-CLA$b00$c20130526$lBLL01$h1646
=CAT  \\$a5552$b40$c20131104$lBLL01$h1426
=CAT  \\$aBATCH-UPD$b40$c20131119$lBLL01$h2001
=CAT  \\$aIPL-CLA$c20140101$lBLL01$h0107
=CAT  \\$a5552$b40$c20140523$lBLL01$h0852
=CAT  \\$aBATCH-CLA$b00$c20161222$lBLL01$h1825
=CAT  \\$aBATCH-UPD$b00$c20161224$lBLL01$h1257
=CAT  \\$aIPL-CLA$c20161230$lBLL01$h2318
=CAT  \\$a5552$b40$c20170328$lBLL01$h1038
=CAT  \\$aBLDSS-3PM$b00$c20170405$lBLL01$h1059
=CAT  \\$aBATCH-UPD$b00$c20170405$lBLL01$h1102
=CAT  \\$aBATCH-UPD$b00$c20171121$lBLL01$h1649
=CAT  \\$aIPL-CLA$c20171231$lBLL01$h1742
=CAT  \\$aBATCH-UPD$b00$c20181217$lBLL01$h1639
=CAT  \\$aIPL-CLA$c20181231$lBLL01$h1549
=CAT  \\$aBATCH-UPD$b00$c20191122$lBLL01$h1902
=CAT  \\$aIPL-CLA$c20191231$lBLL01$h2010
=CAT  \\$aBATCH-UPD$b00$c20201118$lBLL01$h1335
=CAT  \\$aIPL-CLA$c20201231$lBLL01$h1531
=CAT  \\$a5552$b40$c20210209$lBLL01$h0811
=CAT  \\$aDEL-3PM$c20210217$lBLL01$h1355
=CAT  \\$aBATCH-CLA$b00$c20221221$lBLL01$h1910
=CAT  \\$aIPL-CLA$c20221231$lBLL01$h1449
=CFI  0\$aCurrent Copyright Fee: GBP25.00$c0$e01-jan-2023$fGBP25.00$g0$hA$5Uk
=CFI  2\$aPrevious copyright fee: GBP22.50$c0$e09-feb-2021$fGBP22.50$g0$hA$5Uk
=EST  \\$a1
=FIN  \\$aY$d20090804
=MNI  \\$a0075-0778
=SRC  \\$aBLL02
=TCO  \\$aCLA$bCLA$c008
=TCO  \\$aIRL$bICLA$c008
=TOC  \\$aETOC
=ACF  \\$aPrevious copyright fee: GBP21.00$c2\0$e01-jan-2010$fGBP21.00$g0$hP$5Uk
=ACF  \\$aPrevious copyright fee: GBP20.00$c2\0$e26-mar-2009$fGBP20.00$g0$hP$5Uk
=ACF  \\$aPrevious copyright fee: GBP25.00$c2\0$e01-jan-2011$fGBP25.00$g0$hP$5Uk
=ACF  \\$aPrevious copyright fee: GBP27.50$c2\0$e01-jan-2013$fGBP27.50$g0$hP$5Uk
=ACF  \\$aPrevious copyright fee: GBP27.00$c2\0$e01-jan-2012$fGBP27.00$g0$hP$5Uk
=ACF  \\$aPrevious copyright fee: GBP24.00$c2\0$e01-jan-2014$fGBP24.00$g0$hP$5Uk
=ACF  \\$aPrevious copyright fee: GBP23.50$c2\0$e04-nov-2013$fGBP23.50$g0$hP$5Uk
=ACF  \\$aPrevious Copyright Fee: GBP15.00$c0$e01-jan-2017$fGBP15.00$g0$hA$5Uk
=ACF  \\$aPrevious Copyright Fee: GBP12.30$c0$e23-may-2014$fGBP12.30$g0$hA$5Uk
=ACF  \\$aPrevious Copyright Fee: GBP28.00$c2\0$e28-mar-2017$fGBP28.00$g0$hP$5Uk
=ACF  \\$aPrevious copyright fee: GBP30.00$c2\0$e01-jan-2018$fGBP30.00$g0$hP$5Uk
=ACF  \\$aPrevious copyright fee: GBP32.00$c2\0$e01-jan-2019$fGBP32.00$g0$hP$5Uk
=ACF  \\$aPrevious copyright fee: GBP35.00$c2\0$e01-jan-2021$fGBP35.00$g0$hP$5Uk
=ACF  \\$aPrevious copyright fee: GBP34.00$c2\0$e01-jan-2020$fGBP34.00$g0$hP$5Uk
=LAS  \\$aIPL-CLA$b00$c20221231$lBLL01$h1449

