=LDR  04726cas a2201045 a 4500
=001  013417534
=003  Uk
=005  20221231144725.0
=006  m\\\\\\\\d\\\\\\\\
=007  cr\mn|||||||||
=008  011213c20069999nyubr\p\o\\\\\0\\\a0eng\d
=FMT  \\$a  SE
=022  \\$a1878-0504$y1871-5532
=035  \\$a(OCoLC)321350036
=040  \\$aHUA$beng$cHUA$dOCLCQ$dUk
=042  \\$aukblsr
=082  04$a363.179$223
=130  0\$aJournal of chemical health & safety (Online)
=222  \0$aJournal of chemical health and safety$b(Online)
=245  10$aJournal of chemical health & safety$h[electronic resource].
=246  3\$aJournal of chemical health and safety
=260  \\$a[New York ;$aAmsterdam] :$bElsevier
=310  \\$aBimonthly
=336  \\$atext$2rdacontent
=337  \\$acomputer$2rdamedia
=338  \\$aonline resource$2rdacarrier
=362  0\$aVol. 13, no. 1 (Jan./Feb. 2006)-
=500  \\$aTitle from journal information screen (ScienceDirect, viewed Jan. 23, 2006).
=530  \\$aAlso issued in print.
=550  \\$aOfficial publication of the American Chemical Society Division of Chemical Health and Safety.
=540  \\$aBritish Library not licensed to copy$c0$5Uk
=650  \0$aChemicals$xSafety measures$vPeriodicals.
=650  \0$aChemicals$xHealth aspects$vPeriodicals.
=650  \0$aChemical industry$xHealth aspects$vPeriodicals.
=650  \0$aIndustrial safety$vPeriodicals.
=650  \0$aIndustrial hygiene$vPeriodicals.
=710  2\$aAmerican Chemical Society.$bDivision of Chemical Health and Safety.
=776  1\$tJournal of chemical health & safety$x1871-5532
=780  00$tChemical health & safety (Online)$x1879-131X
=856  40$uhttp://eproxy.lib.hku.hk/login?url=http://www.sciencedirect.com/science/journal/18715532$x55$zClick to start searching via ScienceDirect
=856  40$uhttp://www.sciencedirect.com/science/journal/18715532
=852  \\$aBritish Library$bDSC$j4956.730000$3Volume 13:Issue 1(2006)-Volume 21:Issue 6(2014)***See ESTAR for full holdings.
=945  \\$aJournal of chemical health and safety
=959  \\$fHeld but not currently received
=985  \\$aCONFERENCE ANALYTIC RECORDS EXIST
=CAT  \\$a7174$b40$c20060302$lBLL01$h1340
=CAT  \\$aWR11_155$c20111114$lBLL01$h1645
=CAT  \\$aBATCH-UPD$b00$c20111123$lBLL01$h1853
=CAT  \\$aIPL-CLA$c20111230$lBLL01$h2024
=CAT  \\$a8323$b40$c20120905$lBLL01$h1338
=CAT  \\$aBATCH-CLA$b00$c20121109$lBLL01$h1727
=CAT  \\$aBATCH-UPD$b00$c20121121$lBLL01$h1657
=CAT  \\$aIPL-CLA$c20121231$lBLL01$h1319
=CAT  \\$aIPL-CLA$c20130102$lBLL01$h1744
=CAT  \\$a10997$b40$c20140227$lBLL01$h1345
=CAT  \\$aBLDSS-3PM$b00$c20141222$lBLL01$h1715
=CAT  \\$aCDS15-UPD$b40$c20150313$lBLL01$h1910
=CAT  \\$aBATCH-UPD$b40$c20170304$lBLL01$h1212
=CAT  \\$aBATCH-UPD$b40$c20171121$lBLL01$h1746
=CAT  \\$aIPL-CLA$c20171231$lBLL01$h1652
=CAT  \\$aBATCH-UPD$b00$c20190521$lBLL01$h1437
=CAT  \\$aIPL-CLA$c20190630$lBLL01$h1535
=CAT  \\$a5552$b40$c20191129$lBLL01$h1143
=CAT  \\$aIPL-CLA$c20191231$lBLL01$h1938
=CAT  \\$aDEL-3PM$c20200108$lBLL01$h0853
=CAT  \\$aBATCH-CLA$b00$c20200325$lBLL01$h1254
=CAT  \\$aIPL-CLA$c20200331$lBLL01$h1616
=CAT  \\$aBATCH-CLA$b00$c20210328$lBLL01$h1328
=CAT  \\$aIPL-CLA$c20210331$lBLL01$h1700
=CAT  \\$aBATCH-CLA$b00$c20221206$lBLL01$h1804
=CAT  \\$aIPL-CLA$c20221231$lBLL01$h1447
=CFI  0\$aBritish Library not licensed to copy$c0$e01-jan-2023$hC$iCFP Excluded$5Uk
=CFI  2\$aPrevious Copyright Fee: GBP34.00$c0$e01-apr-2021$fGBP34.00$g0$hC$5Uk
=EST  \\$a1
=FIN  \\$aY$d20120905
=LKR  \\$aPAR$b012432384$lBLL01$r78000$mJournal of chemical health & safety$nChemical health and safety
=MNI  \\$a1871-5532
=SID  \\$aZ39$bOCLC
=TCO  \\$aTRS$bCCC$c008
=TOC  \\$aETOC
=ACF  \\$aPrevious copyright fee: GBP19.00$c5\4$e01-jan-2008$fGBP19.00$g0$hP$5Uk
=ACF  \\$aPrevious Copyright Fee: GBP18.00$c5\4$e01-apr-2004$fGBP18.00$g0$hP$5Uk
=ACF  \\$aPrevious copyright fee: GBP20.00$c5\1$e01-jan-2009$fGBP20.00$g0$hP$5Uk
=ACF  \\$aPrevious copyright fee: GBP21.00$c5\1$e01-jan-2012$fGBP21.00$g0$hP$5Uk
=ACF  \\$aPrevious copyright fee: GBP22.50$c5\1$e01-jan-2013$fGBP22.50$g0$hP$5Uk
=ACF  \\$aPrevious copyright fee: GBP23.40$c5\1$e01-jan-2018$fGBP23.40$g0$hP$5Uk
=ACF  \\$aPrevious copyright fee: GBP32.84$c5\1$e01-jul-2019$fGBP32.84$g0$hP$5Uk
=ACF  \\$aPrevious Copyright Fee: GBP20.00$c0$e01-jan-2020$fGBP20.00$g0$hA$5Uk
=ACF  \\$aPrevious Copyright Fee: GBP23.40$c0$e01-apr-2020$fGBP23.40$g0$hC$5Uk
=LAS  \\$aIPL-CLA$b00$c20221231$lBLL01$h1447

