=LDR  04668cas a2201033 a 4500
=001  014684203
=003  Uk
=005  20230516094831.0
=006  m\\\\\\\\d\|\\\\\\
=007  cr\|||||||||||
=008  060508c19899999ne\br\p\s\\\\\0\\\\0eng\d
=FMT  \\$a  SE
=016  7\$2GyBeDBIZ$a2233699-0
=022  \\$a1872-2075
=035  \\$a(OCoLC)163369250
=040  \\$aGEBAY$bger$cGEBAY$dOCLCQ$dHNK$dMUQ$dUk$erakwb
=042  \\$aukblsr
=050  \4$aTP248.13$b.C48
=082  04$a660.605$222
=130  0\$aChinese journal of biotechnology (Online)
=245  10$aChinese journal of biotechnology$h[electronic resource].
=246  13$aChin. j. biotech
=260  \\$a[Amsterdam :$bElsevier]
=310  \\$aBimonthly
=336  \\$atext$2rdacontent
=337  \\$acomputer$2rdamedia
=338  \\$aonline resource$2rdacarrier
=362  1\$aPrint began with v. 4, no. 1.
=500  \\$aDescription based on: vol. 22, no. 1 (Jan. 2006); title from title screen (ScienceDirect, viewed Jan. 16, 2008).
=500  \\$aLatest issue consulted: Vol. 24, issue 12 (Dec. 2008) (viewed Jan. 14, 2010).
=500  \\$aTitle no longer published by Elsevier as of 2009 (title screen, ScienceDirect, viewed Jan. 13, 2010).
=550  \\$aOfficial journal of the Institute of Microbiology of the Chinese Academy of Sciences and the Chinese Society for Microbiology.
=540  \\$aCurrent copyright fee: GBP36.51$c0$5Uk
=650  \0$aBiotechnology$vPeriodicals.
=710  2\$aZhongguo wei sheng wu xue hui.
=710  2\$aGuo jia ke wei sheng wu gong cheng kai fa zhong xin (China)
=730  0\$aShengwu gongcheng xuebao$lEnglish (Online)
=775  08$iIssued also in Chinese:$tShengwu gongcheng xuebao (Online)
=776  08$iPrint version:$tChinese journal of biotechnology$x1042-749X
=856  40$uhttp://www.sciencedirect.com/science/journal/18722075
=856  \\$uhttp://www.bibliothek.uni-regensburg.de/ezeit/?2233699$xVerlag
=852  41$aBritish Library$bDSC$j3180.297100$3Volume 22:Issue 1(2006)-Volume 24:Issue 12 (2008)***See ESTAR for full holdings.
=945  \\$aChinese journal of biotechnology
=959  \\$fHeld but not currently received
=CAT  \\$a8464$b40$c20080804$lBLL01$h1420
=CAT  \\$aBATCH-UPD$b40$c20081119$lBLL01$h1600
=CAT  \\$aBATCH-UPD$b40$c20081231$lBLL01$h2328
=CAT  \\$aBATCH-UPD$b40$c20090101$lBLL01$h0057
=CAT  \\$aBATCH$b00$c20090101$lBLL01$h0233
=CAT  \\$a8464$b40$c20090721$lBLL01$h1045
=CAT  \\$a8464$b40$c20090721$lBLL01$h1055
=CAT  \\$a5552$b40$c20091001$lBLL01$h1432
=CAT  \\$a3072$b40$c20100113$lBLL01$h1625
=CAT  \\$a3072$b40$c20100114$lBLL01$h1132
=CAT  \\$a3072$b40$c20100114$lBLL01$h1133
=CAT  \\$a3072$b40$c20100114$lBLL01$h1335
=CAT  \\$a3072$b40$c20100114$lBLL01$h1337
=CAT  \\$a3072$b40$c20100115$lBLL01$h1600
=CAT  \\$a3072$b40$c20100118$lBLL01$h1136
=CAT  \\$aBATCH-UPD$b40$c20101201$lBLL01$h1251
=CAT  \\$aIPL-CLA$c20101231$lBLL01$h1525
=CAT  \\$a5552$b40$c20110106$lBLL01$h1141
=CAT  \\$a5552$b40$c20120410$lBLL01$h0916
=CAT  \\$a5552$b40$c20120704$lBLL01$h0856
=CAT  \\$a5552$b40$c20121010$lBLL01$h0858
=CAT  \\$aBATCH-CLA$b00$c20121109$lBLL01$h1722
=CAT  \\$a12654$b40$c20130109$lBLL01$h0957
=CAT  \\$aBATCH-UPD$b40$c20160605$lBLL01$h0320
=CAT  \\$aBATCH-FIX$c20230511$lBLL01$h1629
=CAT  \\$a12654$b40$c20230516$lBLL01$h0948
=CAT  \\$a12654$b40$c20230516$lBLL01$h0948
=CFI  0\$aCurrent Copyright Fee: GBP36.51$c0$e16-may-2023$fGBP36.51$g0$hC$5Uk
=CFI  2\$aPrevious Copyright Fee: GBP31.25$c0$e01-jan-2013$fGBP31.25$g0$hC$5Uk
=CFI  2\$aPrevious Copyright Fee: GBP32.26$c0$e01-oct-2012$fGBP32.26$g0$hC$5Uk
=EST  \\$a1
=FIN  \\$aY$d20100114
=LKR  \\$aPAR$b012391585$lBLL01$r776$mChinese journal of biotechnology (Online)$nCHINESE JOURNAL OF BIOTECHNOLOGY (Print)
=MNI  \\$a1872-2075
=SID  \\$aZ39$bOCLC
=TCO  \\$aNLD$bSTICHTING REPRORECHT$c008
=TOC  \\$aETOC
=ACF  \\$aPrevious Copyright Fee: GBP30.30$c0$e04-jul-2012$fGBP30.30$g0$hC$5Uk
=ACF  \\$aPrevious Copyright Fee: GBP32.26$c0$e10-apr-2012$fGBP32.26$g0$hC$5Uk
=ACF  \\$aPrevious Copyright Fee: GBP30.00$c0$e01-jan-2011$fGBP30.00$g0$hC$5Uk
=ACF  \\$aPrevious Copyright Fee: GBP30.00$c0$e01-oct-2009$fGBP30.00$g0$hC$5Uk
=ACF  \\$aPrevious copyright fee: GBP6.00$c0$e21-jul-2009$fGBP6.00$g0$hA$5Uk
=ACF  \\$aCurrent copyright fee: GBP20.00$c5\1$e01-jan-2009$fGBP20.00$g0$hP$5Uk
=ACF  \\$aPrevious copyright fee: GBP19.00$c5\1$e04-aug-2008$fGBP19.00$g0$hP$5Uk
=LAS  \\$a12654$b40$c20230516$lBLL01$h0948

