=LDR  04626cas a2201033 i 4500
=001  012432282
=003  Uk
=005  20221231144426.0
=006  m\\\\\\\\d\\\\\\\\
=007  cr||||||||||||
=008  040410d20012008ncuqr\p\s\\\\\0\\\a0eng\\
=FMT  \\$a  SE
=019  c\$a102609567
=022  0\$a1474-3329$202
=040  \\$aUk$beng$cUk$erda
=042  \\$aissnuk$aukblsr
=082  04$a616.8914$223
=210  0\$aBrief treat. crisis interv.$b(Online)
=222  \0$aBrief treatment and crisis intervention$b(Online)
=245  00$aBrief treatment and crisis intervention.
=264  \1$a[Cary, N.C.] :$bOxford University Press,$c[2001]-[2008]
=310  \\$aQuarterly
=336  \\$atext$2rdacontent
=337  \\$acomputer$2rdamedia
=338  \\$aonline resource$2rdacarrier
=362  1\$aPrint began in 2001; ceased in 2008.
=588  \\$aDescription based on print version record.
=540  \\$aCurrent Copyright Fee: GBP25.00$c0$5Uk
=650  \0$aBrief psychotherapy$vPeriodicals.
=776  08$iAlso issued in print as:$tBrief treatment and crisis intervention (Print)$x1474-3310
=856  40$uhttp://www.oxfordjournals.org/our_journals/btcint/about.html
=852  41$aBritish Library$bDSC$j2283.953300$32001 VOL 1 PART 1-Volume 8:Issue 4(2008)***See ESTAR for full holdings.
=945  \\$aBrief treatment and crisis intervention
=959  \\$fHeld but not currently received
=CAT  \\$aCONV$b00$c20040425$lBLL90$h0712
=CAT  \\$aIPL-CLA$c20121231$lBLL01$h1308
=CAT  \\$aIPL-CLA$c20130102$lBLL01$h1725
=CAT  \\$aBATCH-CLA$b00$c20130526$lBLL01$h1652
=CAT  \\$aBATCH-CLA$b00$c20140125$lBLL01$h1310
=CAT  \\$aBATCH-CLA$c20140225$lBLL01$h2318
=CAT  \\$aBATCH-UPD$b00$c20141124$lBLL01$h1810
=CAT  \\$aBLDSS-3PM$b00$c20141208$lBLL01$h1624
=CAT  \\$aIPL-CLA$c20141231$lBLL01$h1650
=CAT  \\$aBATCH-UPD$b00$c20151119$lBLL01$h1551
=CAT  \\$aIPL-CLA$c20151231$lBLL01$h1918
=CAT  \\$aBATCH-UPD$b00$c20160524$lBLL01$h2209
=CAT  \\$aBATCH-UPD$b00$c20160525$lBLL01$h0012
=CAT  \\$a11205$b40$c20160920$lBLL01$h1401
=CAT  \\$aBATCH-UPD$b40$c20161122$lBLL01$h1520
=CAT  \\$aIPL-CLA$c20161230$lBLL01$h2113
=CAT  \\$aBATCH-UPD$b00$c20171121$lBLL01$h1703
=CAT  \\$aIPL-CLA$c20171231$lBLL01$h1623
=CAT  \\$aBATCH-UPD$b00$c20181217$lBLL01$h1651
=CAT  \\$aIPL-CLA$c20181231$lBLL01$h1539
=CAT  \\$aR1911-1518$c20191206$lBLL01$h1419
=CAT  \\$aIPL-CLA$c20191231$lBLL01$h1922
=CAT  \\$a5552$b40$c20220112$lBLL01$h0558
=CAT  \\$aDEL-3PM$c20220117$lBLL01$h1400
=CAT  \\$aBATCH-CLA$b00$c20221221$lBLL01$h1836
=CAT  \\$aIPL-CLA$c20221231$lBLL01$h1444
=CFI  0\$aCurrent Copyright Fee: GBP25.00$c0$e01-jan-2023$fGBP25.00$g0$hA$5Uk
=CFI  2\$aPrevious Copyright Fee: GBP22.50$c0$e13-jan-2022$fGBP22.50$g0$hA$5Uk
=EST  \\$a1
=FIN  \\$aY
=LEO  \\$aMP22.0000067029
=LEO  \\$aMP10.0000629552
=LET  \0$aBrief treatment and crisis intervention (Electronic)
=LKR  \\$aPAR$b011108377$lBLL01$nBrief treatment and crisis intervention (Print)$mBrief treatment and crisis intervention (Online)$r776
=MNI  \\$a1474-3310
=SRC  \\$aISN01$bbibmp22.200404.2.aa
=SRC  \\$aDSS01$bbibmp10.200404.2.aa
=TCO  \\$aCLA$bCLA$c008
=TCO  \\$aTRS$bCCC$c008
=TOC  \\$aETOC
=ACF  \\$aPrevious copyright fee: GBP14.00$c29\0$e01-jan-2008$fGBP14.00$g0$hP$5Uk
=ACF  \\$aPrevious copyright fee: GBP13.00$c29\0$e01-jan-2006$fGBP13.00$g0$hP$5Uk
=ACF  \\$aPrevious copyright fee: GBP12.00$c29\0$e01-jan-2004$fGBP12.00$g0$hP$5Uk
=ACF  \\$aCurrent copyright fee: GBP8.00$c29\0$e01-apr-2002$fGBP8.00$g0$hP$5Uk
=ACF  \\$aCurrent copyright fee: GBP2.50$c0$e27-sep-2001$fGBP2.50$g0$hC$5Uk
=ACF  \\$aPrevious copyright fee: GBP18.00$c29\0$e01-jan-2009$fGBP18.00$g0$hP$5Uk
=ACF  \\$aPrevious copyright fee: GBP14.00$c29\0$e01-jan-2010$fGBP14.00$g0$hP$5Uk
=ACF  \\$aPrevious copyright fee: GBP20.00$c29\0$e01-jan-2013$fGBP20.00$g0$hP$5Uk
=ACF  \\$aPrevious copyright fee: GBP23.00$c29\0$e01-jan-2015$fGBP23.00$g0$hP$5Uk
=ACF  \\$aPrevious copyright fee: GBP24.00$c29\0$e01-jan-2016$fGBP24.00$g0$hP$5Uk
=ACF  \\$aPrevious copyright fee: GBP26.00$c29\0$e01-jan-2017$fGBP26.00$g0$hP$5Uk
=ACF  \\$aPrevious copyright fee: GBP27.00$c29\0$e01-jan-2018$fGBP27.00$g0$hP$5Uk
=ACF  \\$aPrevious Copyright Fee: GBP20.00$c29\0$e01-jan-2020$fGBP20.00$g0$hP$5Uk
=ACF  \\$aPrevious copyright fee: GBP28.00$c29\0$e01-jan-2019$fGBP28.00$g0$hP$5Uk
=LAS  \\$aIPL-CLA$b00$c20221231$lBLL01$h1444

