=LDR  04808cas a2201117 a 4500
=001  012432384
=003  Uk
=005  20221231144427.0
=006  m\\\\\\\\d\\\\\\\\
=007  cr\mnu||||||||
=008  001214d19942005nyubr\pss\\\\\0\\\a0eng\c
=FMT  \\$a  SE
=010  \\$a2003233240$z2006264633
=019  c\$a102501624
=022  \\$a1879-131X$y1074-9098
=035  \\$a(OCoLC)45559776$z(OCoLC)37470680$z(OCoLC)70286230
=040  \\$aDLM$cDLM$dOCLCQ$dGUA$dOCLCQ$dSBH$dOCLCQ$dTXA$dFQM$dDLC$dOCLCQ$dOCLCS$dU9S$dOCLCQ$dUk
=042  \\$aukblsr
=050  14$aRC965.C44$bC48
=082  04$a363.11966$223
=130  0\$aChemical health & safety (Online)
=222  \0$aChemical health & safety$b(Online)
=245  10$aChemical health & safety$h[electronic resource].
=246  3\$aChemical health and safety
=246  13$aCHS
=246  13$aCH & S
=260  \\$a[Washington, D.C.] :$bAmerican Chemical Society
=260  3\$3<Nov./Dec. 1999>-$a[New York ;$aAmsterdam] :$bElsevier
=310  \\$aBimonthly
=336  \\$atext$2rdacontent
=337  \\$acomputer$2rdamedia
=338  \\$aonline resource$2rdacarrier
=362  1\$aPrint began with vol. 1, no. 1 (June/July 1994).
=362  0\$a-v. 12, issue 6 (Nov./Dec. 2005).
=530  \\$aAlso issued in print.
=595  \\$aSee also card index.
=500  \\$aDescription based on: Vol. 6, issue 1 (Jan./Feb. 1999); title from Pdf image of running title (ScienceDirect, viewed Oct. 29, 2003).
=550  \\$aOfficial Publication of the American Chemical Society Division of Chemical Health and Safety.
=540  \\$aCurrent Copyright Fee: GBP25.00$c0$5Uk
=650  \0$aChemical industry$xHealth aspects$vPeriodicals.
=650  \0$aChemical industry$xSafety measures$vPeriodicals.
=785  00$tJournal of chemical health & safety$x1878-0504
=710  2\$aAmerican Chemical Society.$bDivision of Chemical Health and Safety.
=776  1\$tChemical health & safety$x1074-9098
=856  40$uhttp://www.sciencedirect.com/science/journal/10749098
=852  41$aBritish Library$bDSC$j3146.588500$3feb-1999 VOL 6 PART 1-Volume 12:Part 6(2005)
=945  \\$aChemical health and safety
=959  \\$fHeld but not currently received
=A02  \\$a102501624
=CAT  \\$aCONV$b00$c20040425$lBLL90$h0712
=CAT  \\$aWR11_155$c20111021$lBLL01$h1323
=CAT  \\$aWR11_155$c20111114$lBLL01$h1645
=CAT  \\$aBATCH-UPD$b00$c20111123$lBLL01$h1852
=CAT  \\$aIPL-CLA$c20111230$lBLL01$h2013
=CAT  \\$a8323$b40$c20120905$lBLL01$h1337
=CAT  \\$aBATCH-CLA$b00$c20121109$lBLL01$h1734
=CAT  \\$aBATCH-UPD$b00$c20121121$lBLL01$h1655
=CAT  \\$aIPL-CLA$c20121231$lBLL01$h1309
=CAT  \\$aIPL-CLA$c20130102$lBLL01$h1725
=CAT  \\$aBATCH-CLA$b00$c20140125$lBLL01$h1302
=CAT  \\$aBATCH-CLA$c20140225$lBLL01$h2319
=CAT  \\$aBLDSS-3PM$b00$c20141222$lBLL01$h1712
=CAT  \\$aBATCH-UPD$b00$c20170213$lBLL01$h0827
=CAT  \\$aBATCH-UPD$b00$c20171121$lBLL01$h1742
=CAT  \\$aIPL-CLA$c20171231$lBLL01$h1623
=CAT  \\$aBATCH-UPD$b00$c20190521$lBLL01$h1434
=CAT  \\$aIPL-CLA$c20190630$lBLL01$h1531
=CAT  \\$a12654$b40$c20191202$lBLL01$h1055
=CAT  \\$aIPL-CLA$c20191231$lBLL01$h1922
=CAT  \\$aDEL-3PM$c20200108$lBLL01$h0853
=CAT  \\$a5552$b40$c20200108$lBLL01$h1122
=CAT  \\$aBATCH-CLA$b00$c20201204$lBLL01$h1529
=CAT  \\$aIPL-CLA$c20201231$lBLL01$h1528
=CAT  \\$aBATCH-CLA$b00$c20221221$lBLL01$h1836
=CAT  \\$aIPL-CLA$c20221231$lBLL01$h1444
=CFI  0\$aCurrent Copyright Fee: GBP25.00$c0$e01-jan-2023$fGBP25.00$g0$hA$5Uk
=CFI  2\$aPrevious Copyright Fee: GBP22.50$c0$e01-jan-2021$fGBP22.50$g0$hA$5Uk
=EST  \\$a1
=FIN  \\$aY
=LEO  \\$aMP10.0000629654
=MNI  \\$a1074-9098
=SID  \\$aZ39$bOCLC
=SRC  \\$aDSS01$bbibmp10.200404.2.aa
=TCO  \\$aTRS$bCCC$c008
=TOC  \\$aETOC
=ACF  \\$aPrevious copyright fee: GBP19.00$c5\4$e01-jan-2008$fGBP19.00$g0$hP$5Uk
=ACF  \\$aPrevious Copyright Fee: GBP18.00$c5\4$e01-apr-2004$fGBP18.00$g0$hP$5Uk
=ACF  \\$aCurrent copyright fee: GBP20.00$c5\4$e01-jan-2003$fGBP20.00$g0$hP$5Uk
=ACF  \\$aCurrent copyright fee: GBP15.00$c5\4$e01-jul-2002$fGBP15.00$g0$hP$5Uk
=ACF  \\$aPrevious copyright fee: GBP20.00$c5\1$e01-jan-2009$fGBP20.00$g0$hP$5Uk
=ACF  \\$aPrevious copyright fee: GBP21.00$c5\1$e01-jan-2012$fGBP21.00$g0$hP$5Uk
=ACF  \\$aPrevious copyright fee: GBP22.50$c5\1$e01-jan-2013$fGBP22.50$g0$hP$5Uk
=ACF  \\$aPrevious copyright fee: GBP23.40$c5\1$e01-jan-2018$fGBP23.40$g0$hP$5Uk
=ACF  \\$aPrevious copyright fee: GBP32.84$c5\1$e01-jul-2019$fGBP32.84$g0$hP$5Uk
=ACF  \\$aPrevious copyright fee: GBP20.00$c0$e01-jan-2020$fGBP20.00$g0$hA$5Uk
=LAS  \\$aIPL-CLA$b00$c20221231$lBLL01$h1444

