=LDR  05745cas a2201213 a 4500
=001  012433410
=003  Uk
=005  20221231144433.0
=006  m\\\\\o\\d\\\\\\\\
=007  cr\cnu||||||||
=008  040217c20049999enkbr\pso\\\\\0\\\a0eng\c
=FMT  \\$a  SE
=010  \\$a  2006249156$z  2006249154
=019  c\$a103023604
=022  0\$a1875-6484$y1572-4638$202
=035  \\$a(OCoLC)54432817$z(OCoLC)70928818
=040  \\$aOUN$beng$cOUN$dOCLCQ$dOCL$dOCLCQ$dZYU$dOCLCQ$dOCLCF$dOCLCQ$dUk
=042  \\$aissnuk$aukblsr
=050  14$aK1395.A15$bI68
=082  04$a346.078$223
=130  0\$aInternational corporate rescue (Online)
=222  \0$aInternational corporate rescue$b(Online)
=245  10$aInternational corporate rescue$h[electronic resource].
=260  \\$aThe Hague, Netherlands :$bKluwer Law International,$c2004-
=264  31$3[2007]-$aArkley :$bChase Cambria Company Publishing
=310  \\$aBimonthly
=336  \\$atext$btxt$2rdacontent
=337  \\$acomputer$bc$2rdamedia
=338  \\$aonline resource$bcr$2rdacarrier
=362  0\$aVol. 1, issue 1 (2004)-
=500  \\$aPublished in association with University College London (UCL), Centre for Commercial Law.
=500  \\$aTitle from journal contents screen (Kluwer Law, viewed Feb. 17, 2004).
=504  \\$aIncludes bibliographical references.
=538  \\$aMode of access: World Wide Web.
=588  \\$aLatest issue consulted: Volume 13, issue 4 (2016) (ChaseCambria website, viewed July 28, 2016).
=540  \\$aBritish Library not licensed to copy$c0$5Uk
=650  \0$aCorporate reorganizations$vPeriodicals.
=650  \0$aInternational business enterprises$xLaw and legislation$vPeriodicals.
=650  \0$aBankruptcy$vPeriodicals.
=650  \7$aBankruptcy.$2fast$0(OCoLC)fst00826826
=650  \7$aCorporate reorganizations.$2fast$0(OCoLC)fst00879699
=650  \7$aInternational business enterprises$xLaw and legislation.$2fast$0(OCoLC)fst00976808
=655  \7$aPeriodicals.$2fast$0(OCoLC)fst01411641
=710  2\$aUniversity College, London.$bCentre for Commercial Law,$eissuing body.
=776  08$iAlso issued in print as:$tInternational corporate rescue$x1572-4638
=856  40$uhttp://www.chasecambria.com/site/journal/icr.php
=856  40$uhttp://www.kluwerlawonline.com/toc.php?mode=byjournal&level=2&values=International+Corporate+Rescue
=852  41$aBritish Library$bDSC$j4539.469393$32004 VOL 1 ISSU 1-Volume 3:Issue 6(2006)***See ESTAR for full holdings.
=945  \\$aInternational corporate rescue
=959  \\$fHeld but not currently received
=985  \\$aISSN responsibility transferred from ISSN Netherlands to ISSN UK, 11/06/14.
=A02  \\$a103023604
=CAT  \\$aCONV$b00$c20040425$lBLL90$h0713
=CAT  \\$aBATCH-UPD$b00$c20070522$lBLL01$h1208
=CAT  \\$a7174$b40$c20070613$lBLL01$h1615
=CAT  \\$aBATCH-UPD$b40$c20070629$lBLL01$h2255
=CAT  \\$aBATCH-UPD$b40$c20070630$lBLL01$h0109
=CAT  \\$aBATCH$b00$c20070630$lBLL01$h0247
=CAT  \\$a5552$b40$c20071025$lBLL01$h0946
=CAT  \\$a5552$b40$c20071105$lBLL01$h1605
=CAT  \\$a5552$b40$c20080109$lBLL01$h1147
=CAT  \\$a8464$b40$c20090331$lBLL01$h1455
=CAT  \\$a8409$b40$c20090331$lBLL01$h1549
=CAT  \\$a5552$b40$c20091001$lBLL01$h1559
=CAT  \\$aBATCH$b00$c20091210$lBLL01$h2330
=CAT  \\$aBATCH$b00$c20091214$lBLL01$h0842
=CAT  \\$aBATCH$b00$c20091216$lBLL01$h0216
=CAT  \\$aBATCH-UPD$b00$c20101201$lBLL01$h1248
=CAT  \\$aWR10_164$c20101215$lBLL01$h1510
=CAT  \\$aIPL-CLA$c20101231$lBLL01$h1508
=CAT  \\$a5552$b40$c20110106$lBLL01$h1210
=CAT  \\$aBATCH-UPD$b40$c20110823$lBLL01$h1521
=CAT  \\$aBATCH-CLA$b00$c20121109$lBLL01$h1734
=CAT  \\$a10806$b40$c20140611$lBLL01$h1012
=CAT  \\$a8124$b40$c20160728$lBLL01$h1202
=CAT  \\$a8871$b40$c20181212$lBLL01$h1237
=CAT  \\$aBATCH-CLA$b00$c20221206$lBLL01$h1804
=CAT  \\$aIPL-CLA$c20221231$lBLL01$h1444
=CFI  0\$aBritish Library not licensed to copy$c0$e01-jan-2023$hC$iCFP Excluded$5Uk
=CFI  2\$aPrevious Copyright Fee: GBP25.00$c0$e01-jan-2011$fGBP25.00$g0$hC$5Uk
=EST  \\$a1
=FIN  \\$aY
=LEO  \\$aMP10.0000630680
=LKR  \\$aPAR$b013696746$lBLL01$nInternational corporate rescue (Print)$mInternational corporate rescue (Online)$r776
=MNI  \\$a1572-4638
=SID  \\$aZ39$bOCLC
=SRC  \\$aDSS01$bbibmp10.200404.2.aa
=TCO  \\$aZZZ$c008
=TOC  \\$aETOC
=ACF  \\$aBritish Library not licensed to copy$c0$e31-mar-2009$hC$iCLA Excluded$5Uk
=ACF  \\$aCurrent Copyright Fee: GBP6.00$c0$e09-jan-2008$fGBP6.00$g0$hC$5Uk
=ACF  \\$aCurrent copyright fee: GBP5.00$c0$e25-oct-2007$fGBP5.00$g0$hA$5Uk
=ACF  \\$aPrevious copyright fee: GBP12.50$c34\0$e01-jul-2007$fGBP12.50$g0$hP$5Uk
=ACF  \\$aPrevious copyright fee: GBP12.82$c34\0$e01-apr-2007$fGBP12.82$g0$hP$5Uk
=ACF  \\$aPrevious copyright fee: GBP13.52$c34\0$e01-oct-2006$fGBP13.52$g0$hP$5Uk
=ACF  \\$aPrevious copyright fee: GBP14.29$c34\0$e01-apr-2006$fGBP14.29$g0$hP$5Uk
=ACF  \\$aPrevious copyright fee: GBP13.89$c34\0$e01-jan-2006$fGBP13.89$g0$hP$5Uk
=ACF  \\$aPrevious copyright fee: GBP13.51$c34\0$e01-apr-2005$fGBP13.51$g0$hP$5Uk
=ACF  \\$aPrevious copyright fee: GBP13.89$c34\0$e01-jan-2005$fGBP13.89$g0$hP$5Uk
=ACF  \\$aPrevious copyright fee: GBP13.51$c34\0$e01-apr-2004$fGBP13.51$g0$hP$5Uk
=ACF  \\$aCurrent copyright fee: GBP14.71$c34\0$e18-feb-2004$fGBP14.71$g0$hP$5Uk
=ACF  \\$aCurrent copyright fee: GBP14.71$c34\0$e23-jan-2004$fGBP14.71$g0$hP$5Uk
=ACF  \\$aPrevious Copyright Fee: GBP25.00$c0$e01-oct-2009$fGBP25.00$g0$hC$5Uk
=LAS  \\$aIPL-CLA$b00$c20221231$lBLL01$h1444

