=LDR  05436cas a2201237 i 4500
=001  012433846
=003  Uk
=005  20211231154204.0
=006  m\\\\\o\\d\\\\\\\\
=007  cr\cnu||||||||
=008  010215c19969999xxubr\pso\\\\\0\\\a0eng\c
=FMT  \\$a  SE
=010  \\$a  2001214634
=016  \\$a012433846
=019  c\$a102528787
=022  0\$a1533-869X$y1359-4117
=035  \\$a(OCoLC)45944707$z(OCoLC)49941143$z(OCoLC)53074516
=040  \\$aUk$beng$cUk
=042  \\$ansdp$aukblsr
=050  14$aRC271.A65$bJ68
=082  04$a616.99406$223
=130  0\$aJournal of experimental therapeutics and oncology (Online)
=210  0\$aJ. exp. ther. oncol.$b(Online)
=222  \0$aJournal of experimental therapeutics and oncology$b(Online)
=245  10$aJournal of experimental therapeutics and oncology.
=246  3\$aJETO
=246  13$aJET
=260  \\$aOxford, UK :$bBlackwell Publishing
=264  31$aPhiladelphia, PA :$bOld City Publishing
=310  \\$aQuarterly
=321  \\$aBimonthly
=336  \\$atext$2rdacontent
=337  \\$acomputer$2rdamedia
=338  \\$aonline resource$2rdacarrier
=362  1\$aPrint began with vol. 1, no. 1 (Jan. 1996).
=538  \\$aMode of access: World Wide Web.
=550  \\$aOfficial journal of the Anticancer Therapeutics and Oncology Society.
=588  \\$aDescription based on: [New ser.], v. 2, issue 1 (Jan. 2002); title from contents (viewed Nov. 25, 2002).
=588  \\$aLatest issue consulted: volume 11, number 3 (2016) (Old City Publishing web site, viewed September 29, 2016).
=540  \\$aCurrent Copyright Fee: GBP18.25$c0$5Uk
=650  \0$aCancer$xTreatment$vPeriodicals.
=650  \0$aTherapeutics, Experimental$vPeriodicals.
=650  \2$aDrugs, Investigational$xtherapeutic use.
=650  \2$aNeoplasms$xdrug therapy.
=650  \2$aNeoplasms$xtherapy.
=650  \7$aCancer$xTreatment.$2fast$0(OCoLC)fst00845538
=650  \7$aTherapeutics, Experimental.$2fast$0(OCoLC)fst01149709
=655  \2$aPeriodicals.
=655  \7$aPeriodicals.$2fast$0(OCoLC)fst01411641
=710  2\$aAnticancer Therapeutics and Oncology Society.
=776  08$iAlso issued in print as:$tJournal of experimental therapeutics & oncology$x1359-4117
=856  40$uhttp://www.oldcitypublishing.com/journals/jeto-home/
=856  40$uhttp://onlinelibrary.wiley.com/journal/10.1111/(ISSN)1533-869X
=856  40$uhttp://www.blackwell-synergy.com/servlet/useragent?func=showIssues&code=jet
=852  41$aBritish Library$bDSC$j4982.800000$3apr-2003 VOL 3 PART 2-dec-2003 VOL 3 PART 6
=945  \\$aJournal of experimental therapeutics and oncology
=959  \\$fHeld but not currently received
=A02  \\$a102528787
=CAT  \\$aCONV$b00$c20040425$lBLL90$h0713
=CAT  \\$aWR12_168$c20121206$lBLL01$h1814
=CAT  \\$aWR13.005$c20130323$lBLL01$h1510
=CAT  \\$aBATCH-CLA$b00$c20140125$lBLL01$h1307
=CAT  \\$aBATCH-CLA$c20140225$lBLL01$h2319
=CAT  \\$aBLDSS-3PM$b00$c20141214$lBLL01$h1521
=CAT  \\$aBATCH-UPD$b00$c20150215$lBLL01$h1623
=CAT  \\$aIPL-CLA$c20150228$lBLL01$h2046
=CAT  \\$a8483$b40$c20160929$lBLL01$h1017
=CAT  \\$a8483$b40$c20160929$lBLL01$h1205
=CAT  \\$a8483$b40$c20160929$lBLL01$h1207
=CAT  \\$a5552$b40$c20161004$lBLL01$h1212
=CAT  \\$aBATCH-016$c20161005$lBLL01$h2150
=CAT  \\$aDEL-3PM$c20161102$lBLL01$h1049
=CAT  \\$aBATCH-CLA$b00$c20190924$lBLL01$h1910
=CAT  \\$aIPL-CLA$c20190930$lBLL01$h1635
=CAT  \\$aBATCH-CLA$b00$c20200325$lBLL01$h1246
=CAT  \\$aIPL-CLA$c20200331$lBLL01$h1612
=CAT  \\$aBATCH-CLA$b00$c20200619$lBLL01$h1536
=CAT  \\$aIPL-CLA$c20200701$lBLL01$h0053
=CAT  \\$aBATCH-CLA$b00$c20210617$lBLL01$h1356
=CAT  \\$aIPL-CLA$c20210704$lBLL01$h1016
=CAT  \\$aBATCH-CLA$b00$c20210928$lBLL01$h1501
=CAT  \\$aIPL-CLA$c20210930$lBLL01$h1527
=CAT  \\$aBATCH-CLA$b00$c20211222$lBLL01$h1609
=CAT  \\$aIPL-CLA$c20211231$lBLL01$h1542
=CFI  0\$aCurrent Copyright Fee: GBP18.25$c0$e01-jan-2022$fGBP18.25$g0$hC$5Uk
=CFI  2\$aPrevious Copyright Fee: GBP17.74$c0$e01-oct-2021$fGBP17.74$g0$hC$5Uk
=EST  \\$a1
=FIN  \\$aY
=LEO  \\$aMP10.0000631116
=LKR  \\$aPAR$b010489520$lBLL01$r776$mJournal of experimental therapeutics and oncology (Online)$nJournal of experimental therapeutics & oncology (Print).
=MNI  \\$a1359-4117
=SID  \\$aZ39$bOCLC
=SRC  \\$aDSS01$bbibmp10.200404.2.aa
=TCO  \\$aCLA$bCLA$c008
=TOC  \\$aETOC
=ACF  \\$aCurrent copyright fee: GBP13.00$c10\0$e01-apr-2003$fGBP13.00$g0$hP$5Uk
=ACF  \\$aCurrent copyright fee: GBP13.00$c10\2$e01-jan-2002$fGBP13.00$g0$hP$5Uk
=ACF  \\$aPrevious copyright fee: GBP15.00$c10\0$e01-apr-2004$fGBP15.00$g0$hP$5Uk
=ACF  \\$aPrevious copyright fee: GBP24.00$c10\0$e01-mar-2015$fGBP24.00$g0$hP$5Uk
=ACF  \\$aPrevious copyright fee: GBP22.00$c10\0$e01-jan-2006$fGBP22.00$g0$hP$5Uk
=ACF  \\$aPrevious Copyright Fee: GBP29.95$c0$e04-oct-2016$fGBP29.95$g0$hC$5Uk
=ACF  \\$aPrevious Copyright Fee: GBP20.00$c0$e01-oct-2019$fGBP20.00$g0$hC$5Uk
=ACF  \\$aPrevious Copyright Fee: GBP19.23$c0$e01-apr-2020$fGBP19.23$g0$hC$5Uk
=ACF  \\$aPrevious Copyright Fee: GBP20.00$c0$e01-jul-2020$fGBP20.00$g0$hC$5Uk
=ACF  \\$aPrevious Copyright Fee: GBP18.06$c0$e01-jul-2021$fGBP18.06$g0$hC$5Uk
=LAS  \\$aIPL-CLA$b00$c20211231$lBLL01$h1542

