=LDR  05322cas a2201201 a 4500
=001  013089760
=003  Uk
=005  20230814150529.0
=006  m\\\\\\\\d\\\\\\\\
=007  cr\mnu||||||||
=008  020419c19949999ja\br\pso\\\\\0\\\a0eng\c
=FMT  \\$a  SE
=010  \\$a2004233439
=022  0\$a1618-2545$l1340-3540$y1340-3540
=035  \\$a(OCoLC)49616438
=040  \\$aOUN$cOUN$dOCLCQ$dGUA$dOCLCQ$dMUQ$dCGU$dOCL$dOCLCQ$dUk
=042  \\$aukblsr
=043  \\$aa-ja---
=050  14$aQK600
=082  04$a579.505$223
=130  0\$aMycoscience (Online)
=222  \0$aMycoscience$b(Internet)
=245  10$aMycoscience$h[electronic resource].
=260  \\$aTokyo :$bSpringer-Verlag Tokyo
=264  21$32012-2020:$a[Tokyo?] :$bElsevier Japan KK
=264  31$32021-$a[Tokyo?] :$bMycological Society of Japan
=310  \\$aBimonthly
=336  \\$atext$2rdacontent
=337  \\$acomputer$2rdamedia
=338  \\$aonline resource$2rdacarrier
=362  1\$aPrint began with v. 35, no. 1 (15 Apr. 1994).
=588  \\$aDescription based on: Vol. 43, no. 1 (Feb. 2002); title from contents screen (Springer LINK, viewed Mar. 31, 2004).
=588  \\$aLatest issue consulted: volume 64, issue 2 (2023) (Mycological Society of Japan website, viewed August 14, 2023).
=538  \\$aMode of access: World Wide Web.
=550  \\$aOfficial English journal of the Mycological Society of Japan.
=540  \\$aCurrent copyright fee: GBP34.00$c0$5Uk
=650  \0$aMycology$vPeriodicals.
=650  \0$aMycology$zJapan$vPeriodicals.
=650  \0$aFungi$zJapan$vPeriodicals.
=710  2\$aNihon Kingakkai.
=776  08$iPrint version:$tMycoscience$x1340-3540
=856  40$uhttp://www.metapress.com/link.asp?id=108925
=856  40$uhttp://www.springerlink.com/content/1340-3540/
=856  40$uhttp://www.springerlink.com/link.asp?id=108925
=856  40$uhttps://mycoscience.org/
=852  41$aBritish Library$bDSC$j5995.752800$3Volume 41:Issue 5(2000)-Volume 58:Issue 6(2017)***See ESTAR for full holdings.
=945  \\$aMycoscience -Tokyo-
=959  \\$fHeld but not currently received
=979  \\$aBritish Library$bDSC$j5995.752800
=CAT  \\$a7750$b40$c20050123$lBLL01$h1601
=CAT  \\$a8124$b40$c20130604$lBLL01$h1541
=CAT  \\$aBATCH-CLA$b00$c20140125$lBLL01$h1313
=CAT  \\$aBATCH-CLA$c20140225$lBLL01$h2323
=CAT  \\$aBLDSS-3PM$b00$c20141222$lBLL01$h1714
=CAT  \\$aBATCH-UPD$b00$c20160617$lBLL01$h1020
=CAT  \\$aBATCH-UPD$b00$c20171121$lBLL01$h1744
=CAT  \\$aIPL-CLA$c20171231$lBLL01$h1639
=CAT  \\$aW1805-0471$c20180520$lBLL01$h1139
=CAT  \\$aBATCH-UPD$b00$c20190521$lBLL01$h1436
=CAT  \\$aIPL-CLA$c20190630$lBLL01$h1534
=CAT  \\$aBATCH-UPD$b00$c20211119$lBLL01$h1553
=CAT  \\$aIPL-CLA$c20211231$lBLL01$h1542
=CAT  \\$a5552$b40$c20220209$lBLL01$h1143
=CAT  \\$aDEL-3PM$c20220214$lBLL01$h0926
=CAT  \\$aBATCH-CLA$b00$c20220329$lBLL01$h1635
=CAT  \\$aIPL-CLA$c20220331$lBLL01$h1952
=CAT  \\$aBATCH-CLA$b00$c20221206$lBLL01$h1800
=CAT  \\$a5410$b40$c20221208$lBLL01$h1304
=CAT  \\$a5410$b40$c20221212$lBLL01$h1330
=CAT  \\$a12654$b40$c20221219$lBLL01$h0919
=CAT  \\$aDEL-3PM$c20221228$lBLL01$h1059
=CAT  \\$aIPL-CLA$c20221231$lBLL01$h1445
=CAT  \\$a5410$b40$c20230703$lBLL01$h1348
=CAT  \\$a5410$b40$c20230703$lBLL01$h1349
=CAT  \\$a12654$b40$c20230705$lBLL01$h0820
=CAT  \\$a8055$b40$c20230809$lBLL01$h1352
=CAT  \\$a8124$b40$c20230814$lBLL01$h1505
=CFI  0\$aCurrent copyright fee: GBP34.00$c0$e05-jul-2023$fGBP34.00$g0$hC$5Uk
=CFI  2\$aBritish Library not licensed to copy$c0$e01-jan-2023$hC$iCFP Excluded$5Uk
=CFI  2\$aPrevious Copyright Fee: GBP34.00$c0$e01-apr-2022$fGBP34.00$g0$hC$5Uk
=EST  \\$a1
=FIN  \\$aY$d20110913
=LKR  \\$aPAR$b012414358$lBLL01$r776$mMycoscience (Online)$nMycoscience (Print)
=MNI  \\$a1340-3540
=SID  \\$aZ39$bOCLC
=TCO  \\$aZZZ$c008
=TCO  \\$aJPN$bJAACC$c008
=TOC  \\$aETOC
=ACF  \\$aPrevious copyright fee: GBP21.25$c23\3$e01-jan-2009$fGBP21.25$g0$hP$5Uk
=ACF  \\$aPrevious copyright fee: GBP16.75$c23\3$e01-jan-2007$fGBP16.75$g0$hP$5Uk
=ACF  \\$aPrevious copyright fee: GBP16.22$c23\3$e01-oct-2006$fGBP16.22$g0$hP$5Uk
=ACF  \\$aPrevious copyright fee: GBP17.14$c23\3$e01-apr-2006$fGBP17.14$g0$hP$5Uk
=ACF  \\$aPrevious copyright fee: GBP16.67$c23\3$e01-jan-2006$fGBP16.67$g0$hP$5Uk
=ACF  \\$aPrevious copyright fee: GBP16.22$c23\3$e01-apr-2005$fGBP16.22$g0$hP$5Uk
=ACF  \\$aPrevious copyright fee: GBP16.67$c23\3$e01-jan-2005$fGBP16.67$g0$hP$5Uk
=ACF  \\$aPrevious copyright fee: GBP22.00$c23\3$e01-apr-2009$fGBP22.00$g0$hP$5Uk
=ACF  \\$aPrevious copyright fee: GBP22.00$c23\3$e12-aug-2012$fGBP22.00$g0$hP$5Uk
=ACF  \\$aPrevious copyright fee: GBP22.50$c5\1$e01-jan-2013$fGBP22.50$g0$hP$5Uk
=ACF  \\$aPrevious copyright fee: GBP23.40$c5\1$e01-jan-2018$fGBP23.40$g0$hP$5Uk
=ACF  \\$aPrevious copyright fee: GBP34.30$c5\1$e01-jan-2022$fGBP34.30$g0$hP$5Uk
=ACF  \\$aPrevious copyright fee: GBP32.84$c5\1$e01-jul-2019$fGBP32.84$g0$hP$5Uk
=ACF  \\$aPrevious Copyright Fee: GBP22.50$c0$e09-feb-2022$fGBP22.50$g0$hA$5Uk
=LAS  \\$a8124$b40$c20230814$lBLL01$h1505

