=LDR  04569cas a2201081 a 4500
=001  013094122
=003  Uk
=005  20230705093623.0
=006  m\\\\\\\\d\\\\\\\\
=007  cr\|n|||||||||
=008  951031c19969999nyuqr\pss\\\\\0\\\a0eng\c
=FMT  \\$a  SE
=010  \\$a  2005213170
=022  \\$a1558-0768$y1085-5629
=030  \\$aSCMSFR
=032  \\$a013135$bUSPS
=035  \\$a(OCoLC)59223203
=040  \\$aStGIU$cStGIU$dHkU$dABAU$dICU$dCaQMU$dOCoLC$dNSDP$dCaQMUQ$dNBuU$dOCoLC$dUk
=042  \\$ansdp$aukblsr
=050  14$aRL1
=060  00$aW1$bSE487M
=082  04$a616.5005$223
=130  0\$aSeminars in cutaneous medicine and surgery (Online)
=210  0\$aSemin. cutan. med. surg.$b(Online)
=222  \0$aSeminars in cutaneous medicine and surgery$b(Online)
=245  10$aSeminars in cutaneous medicine and surgery$h[electronic resource].
=260  \\$aPhiladelphia :$bW.B. Saunders
=260  3\$a[New York] :$bElsevier
=300  \\$av. :$bill. ;$c28 cm.
=310  \\$aQuarterly
=336  \\$atext$2rdacontent
=337  \\$acomputer$2rdamedia
=338  \\$aonline resource$2rdacarrier
=362  1\$aPrint began with v. 15, no. 3 (Sept. 1996).
=500  \\$aIssues also have distinctive titles.
=500  \\$aDescription based on: Vol. 22, issue 3 (Sept. 2003); title from caption (Elsevier's ScienceDirect website, viewed Sept. 16, 2005).
=500  \\$aLatest issue consulted: Vol. 24, Issue 2 (June 2005) (Elsevier's ScienceDirect website, viewed Sept. 16, 2005).
=530  \\$aAlso issued in print.
=540  \\$aCurrent copyright fee: GBP0.16$c0$5Uk
=650  \0$aSkin$xDiseases$vPeriodicals.
=650  \0$aSkin$xSurgery$vPeriodicals.
=650  \0$aDermatology$vPeriodicals.
=776  1\$tSeminars in cutaneous medicine and surgery$x1085-5629
=780  00$tSeminars in dermatology
=856  40$uhttp://www.sciencedirect.com/science/journal/10855629
=852  \\$aBritish Library$bDSC$j8239.448600$3Volume 17:Issue 4(1998)-Volume 31:Issue 4(2012)***See ESTAR for full holdings.
=945  \\$aSEMINARS IN CUTANEOUS MEDICINE AND SURGERY
=959  \\$fHeld but not currently received
=CAT  \\$a7174$b40$c20050126$lBLL01$h1245
=CAT  \\$aBATCH$b00$c20071231$lBLL01$h2252
=CAT  \\$aBATCH-UPD$b00$c20081119$lBLL01$h1613
=CAT  \\$aBATCH-UPD$b00$c20081231$lBLL01$h2320
=CAT  \\$aBATCH-UPD$b00$c20090101$lBLL01$h0052
=CAT  \\$aBATCH$b00$c20090101$lBLL01$h0228
=CAT  \\$aWR10_164$c20101215$lBLL01$h1511
=CAT  \\$aWR11_155$c20111021$lBLL01$h1331
=CAT  \\$a8323$b40$c20111026$lBLL01$h1439
=CAT  \\$aWR11_155$c20111114$lBLL01$h1647
=CAT  \\$aBATCH-UPD$b00$c20111123$lBLL01$h1853
=CAT  \\$aIPL-CLA$c20111230$lBLL01$h2020
=CAT  \\$aBATCH-CLA$b00$c20121109$lBLL01$h1729
=CAT  \\$aBATCH-UPD$b00$c20121121$lBLL01$h1656
=CAT  \\$aIPL-CLA$c20121231$lBLL01$h1314
=CAT  \\$aIPL-CLA$c20130102$lBLL01$h1736
=CAT  \\$aBATCH-CLA$b00$c20130526$lBLL01$h1644
=CAT  \\$a12654$b40$c20130809$lBLL01$h1136
=CAT  \\$a5552$b40$c20130903$lBLL01$h1130
=CAT  \\$aBATCH-CLA$c20131220$lBLL01$h2031
=CAT  \\$aIPL-CLA$c20131231$lBLL01$h2346
=CAT  \\$aBATCH-CLA$b00$c20140125$lBLL01$h1305
=CAT  \\$aBATCH-CLA$c20140225$lBLL01$h2323
=CAT  \\$a5552$b40$c20150113$lBLL01$h1131
=CAT  \\$aBATCH-FIX$c20230511$lBLL01$h1628
=CAT  \\$a12654$b40$c20230518$lBLL01$h0917
=CAT  \\$a12654$b40$c20230705$lBLL01$h0936
=CFI  0\$aCurrent copyright fee: GBP0.16$c0$e05-jul-2023$fGBP0.16$g0$hC$5Uk
=CFI  2\$aPrevious copyright fee: GBP0.02$c0$e18-may-2023$fGBP0.02$g0$hC$5Uk
=CFI  2\$aBritish Library not licensed to copy$c0$e13-jan-2015$hC$iCFP Excluded$5Uk
=CFI  2\$aPrevious Copyright Fee: GBP12.30$c0$e01-jan-2014$fGBP12.30$g0$hA$5Uk
=EST  \\$a1
=FIN  \\$aY$d20111026
=MNI  \\$a1085-5629
=SRC  \\$aBLL02
=TCO  \\$aNLD$bSTICHTING REPRORECHT$c008
=TCO  \\$aTRS$bCCC$c008
=TOC  \\$aETOC
=ACF  \\$aPrevious copyright fee: GBP12.00$c0$e03-sep-2013$fGBP12.00$g0$hA$5Uk
=ACF  \\$aPrevious copyright fee: GBP19.00$c5\9$e01-jan-2008$fGBP19.00$g0$hP$5Uk
=ACF  \\$aPrevious copyright fee: GBP18.00$c5\9$e01-apr-2004$fGBP18.00$g0$hP$5Uk
=ACF  \\$aPrevious copyright fee: GBP20.00$c5\1$e01-jan-2009$fGBP20.00$g0$hP$5Uk
=ACF  \\$aPrevious copyright fee: GBP22.50$c5\1$e01-jan-2013$fGBP22.50$g0$hP$5Uk
=ACF  \\$aPrevious copyright fee: GBP21.00$c5\1$e01-jan-2012$fGBP21.00$g0$hP$5Uk
=LAS  \\$a12654$b40$c20230705$lBLL01$h0936

