=LDR  06008cas a2201285 a 4500
=001  013097507
=003  Uk
=005  20230810075608.0
=006  m\\\\\\\\d\\\\\\\\
=007  cr\mn|||||||||
=008  030421c19499999gw\mr\pso\\\\\0\\\b0ger\d
=FMT  \\$a  SE
=022  0\$a1613-978X$l0043-6275$y0043-6275
=035  \\$a(OCoLC)52097511
=040  \\$aFHM$beng$cFHM$dOCLCQ$dOCL$dVRC$dOCLCQ$dUk
=042  \\$aukblsr
=082  04$a330.9005$223
=130  0\$aWirtschaftsdienst (Hamburg, Germany : 1949 : Online)
=222  \0$aWirtschaftsdienst (Berlin. Springer. Internet)
=245  10$aWirtschaftsdienst$h[electronic resource].
=260  \\$aBerlin ;$aHeidelberg :$bSpringer
=264  31$32023-$a[Kiel] :$bZBW - Leibniz-Informations­zentrum Wirtschaft
=310  \\$aMonthly
=336  \\$atext$2rdacontent
=337  \\$acomputer$2rdamedia
=338  \\$aonline resource$2rdacarrier
=362  1\$aPrint began with 29. Jahrg., Heft 1 (Juni 1949).
=500  \\$a"Zeitschrift für Wirtschaftspolitik."
=530  \\$aAlso issued in print.
=538  \\$aMode of access: World Wide Web.
=550  \\$aHerausgeber: Hamburgisches Welt-Wirtschafts-Archiv.
=588  \\$aDescription based on online information page: 82. Jahrg., Heft 1 (2002).
=588  \\$aLatest issue consulted: 103 Jahrgang, Heft 8 (August 2023), (wirtschaftsdienst.eu/, viewed August 10, 2023).
=540  \\$aCurrent copyright fee: zero$c0$5Uk
=650  \0$aEconomics$vPeriodicals.
=650  \0$aInternational economic relations$vPeriodicals.
=650  \0$aEconomic policy$vPeriodicals.
=690  7\$aManagement and Business Studies$2blcoll
=710  2\$aHamburgisches Welt-Wirtschafts-Archiv.
=710  2\$aLeibniz-Informations­zentrum Wirtschaft.
=776  1\$tWirtschaftsdienst (Hamburg, Germany : 1949)$x0043-6275
=856  40$uhttp://link.springer-ny.com/link/service/journals/10273/index.htm
=856  40$uhttp://www.springerlink.com/content/0043-6275/
=856  40$uhttps://www.wirtschaftsdienst.eu/archiv.html
=852  \\$aBritish Library$bDSC$j9325.550000$3Volume 85:Issue 3(2005)-Volume 94:Issue 12(2014)***See ESTAR for full holdings.
=945  \\$aWirtschaftsdienst -Hamburg-
=959  \\$fHeld but not currently received
=979  \\$aBritish Library$bDSC$j9325.550000
=CAT  \\$a7174$b40$c20050131$lBLL01$h1413
=CAT  \\$aBATCH-UPD$b00$c20150820$lBLL01$h1837
=CAT  \\$aIPL-CLA$c20150930$lBLL01$h1806
=CAT  \\$aBATCH-UPD$b00$c20160217$lBLL01$h1727
=CAT  \\$aIPL-CLA$c20160331$lBLL01$h1727
=CAT  \\$aBATCH-UPD$b00$c20160524$lBLL01$h2210
=CAT  \\$aBATCH-UPD$b00$c20160525$lBLL01$h0020
=CAT  \\$aBATCH-UPD$b00$c20160824$lBLL01$h1755
=CAT  \\$aIPL-CLA$c20160930$lBLL01$h1603
=CAT  \\$aBATCH-UPD$b00$c20170216$lBLL01$h1843
=CAT  \\$aIPL-CLA$c20170331$lBLL01$h1844
=CAT  \\$aBATCH-UPD$b00$c20170904$lBLL01$h1851
=CAT  \\$aIPL-CLA$c20170929$lBLL01$h1729
=CAT  \\$aBATCH-UPD$b00$c20180223$lBLL01$h1720
=CAT  \\$aIPL-CLA$c20180331$lBLL01$h1620
=CAT  \\$aBATCH-UPD$b00$c20180524$lBLL01$h1714
=CAT  \\$aIPL-CLA$c20180630$lBLL01$h1916
=CAT  \\$a5410$b40$c20200127$lBLL01$h1125
=CAT  \\$a5552$b40$c20210706$lBLL01$h1400
=CAT  \\$a5410$b40$c20221015$lBLL01$h1147
=CAT  \\$a8055$b40$c20230104$lBLL01$h1513
=CAT  \\$aDEL-3PM$c20230116$lBLL01$h0957
=CAT  \\$a12654$b40$c20230209$lBLL01$h0924
=CAT  \\$aBATCH-FIX$c20230511$lBLL01$h1628
=CAT  \\$a12654$b40$c20230516$lBLL01$h0944
=CAT  \\$a12654$b40$c20230516$lBLL01$h0945
=CAT  \\$a8055$b40$c20230809$lBLL01$h1059
=CAT  \\$a8055$b40$c20230809$lBLL01$h1103
=CAT  \\$a8055$b40$c20230809$lBLL01$h1312
=CAT  \\$a8124$b40$c20230810$lBLL01$h0756
=CFI  0\$aCurrent copyright fee: zero$c0$e09-Aug-2023$fGBP0.00$g0$hZ$5Uk
=CFI  2\$aBritish Library not licensed to copy$c0$e16-may-2023$hC$iTX$5Uk
=CFI  2\$aPrevious copyright fee: zero$c0$e04-jan-2023$fGBP0.00$g0$hC$5Uk
=CFI  2\$aPrevious copyright fee: zero$c22\1$e06-jul-2021$fGBP0.00$g0$hP$5Uk
=EST  \\$a1
=FIN  \\$aY$d20111213
=LKR  \\$aPAR$b011779516$lBLL01$r776$mWirtschaftsdienst (Online)$nWirtschaftsdienst (Print)
=MNI  \\$a0043-6275
=SID  \\$aZ39$bOCLC
=TCO  \\$aZZZ$c008
=TCO  \\$aDEU$bVG WORT$c008
=TOC  \\$aETOC
=UNO  \\$aY
=ACF  \\$aPrevious copyright fee: GBP34.00$c22\1$e01-jul-2018$fGBP34.00$g0$hP$5Uk
=ACF  \\$aPrevious copyright fee: GBP28.54$c22\3$e01-apr-2018$fGBP28.54$g0$hP$5Uk
=ACF  \\$aPrevious copyright fee: GBP16.67$c22\3$e01-jan-2006$fGBP16.67$g0$hP$5Uk
=ACF  \\$aPrevious copyright fee: GBP16.22$c22\3$e01-apr-2005$fGBP16.22$g0$hP$5Uk
=ACF  \\$aPrevious copyright fee: GBP16.67$c22\3$e01-jan-2005$fGBP16.67$g0$hP$5Uk
=ACF  \\$aPrevious copyright fee: GBP17.14$c22\3$e01-apr-2006$fGBP17.14$g0$hP$5Uk
=ACF  \\$aPrevious copyright fee: GBP22.00$c22\3$e12-aug-2012$fGBP22.00$g0$hP$5Uk
=ACF  \\$aPrevious copyright fee: GBP25.00$c22\3$e01-jan-2013$fGBP25.00$g0$hP$5Uk
=ACF  \\$aPrevious copyright fee: GBP25.77$c22\3$e01-jul-2013$fGBP25.77$g0$hP$5Uk
=ACF  \\$aPrevious copyright fee: GBP24.97$c22\3$e01-jan-2014$fGBP24.97$g0$hP$5Uk
=ACF  \\$aPrevious copyright fee: GBP24.21$c22\3$e01-jul-2014$fGBP24.21$g0$hP$5Uk
=ACF  \\$aPrevious copyright fee: GBP25.77$c22\3$e01-apr-2015$fGBP25.77$g0$hP$5Uk
=ACF  \\$aPrevious copyright fee: GBP26.63$c22\3$e01-jul-2015$fGBP26.63$g0$hP$5Uk
=ACF  \\$aPrevious copyright fee: GBP25.77$c22\3$e01-oct-2015$fGBP25.77$g0$hP$5Uk
=ACF  \\$aPrevious copyright fee: GBP27.55$c22\3$e01-apr-2016$fGBP27.55$g0$hP$5Uk
=ACF  \\$aPrevious copyright fee: GBP29.59$c22\3$e01-oct-2016$fGBP29.59$g0$hP$5Uk
=ACF  \\$aPrevious copyright fee: GBP31.96$c22\3$e01-apr-2017$fGBP31.96$g0$hP$5Uk
=ACF  \\$aPrevious copyright fee: GBP30.73$c22\3$e01-oct-2017$fGBP30.73$g0$hP$5Uk
=LAS  \\$a8124$b40$c20230810$lBLL01$h0756

