=LDR  05027cas a2201129 a 4500
=001  013103810
=003  Uk
=005  20221231144606.0
=006  m\\\\\\\\d\\\\\\\\
=007  cr\cn|||||||||
=008  040405c20009999fr\br\pso\\\\\0\\\b0fre\c
=FMT  \\$a  SE
=010  \\$a2008233945
=022  0\$a1765-2847$l1624-8597$y1624-8597
=035  \\$a(OCoLC)54883504
=040  \\$aOUN$cOUN$dOCLCQ$dTWT$dCGU$dOCL$dGUA$dOCLCQ$dUk
=041  0\$afre$beng
=042  \\$aukblsr
=050  14$aRS164
=082  04$a615.321$223
=130  0\$aPhytothérapie (Paris, France : Online)
=222  \0$aPhytothérapie$b(En ligne)
=245  10$aPhytothérapie$h[electronic resource].
=260  \\$aParis :$bSpringer
=264  31$32015-$a[Paris] :$bLavoisier
=310  \\$aSix issues yearly
=336  \\$atext$2rdacontent
=337  \\$acomputer$2rdamedia
=338  \\$aonline resource$2rdacarrier
=362  1\$aPrint began in 2000.
=588  \\$aDescription based on: Vol. 2, no. 1 (Jan. 2004), title from contents screen (SpringerLink, viewed May 16, 2008).
=588  \\$aLatest issue consulted: Volume 14, number 4 (2016) (revuesonline, Lavoisier, viewed November 3, 2016).
=530  \\$aAlso issued in print.
=538  \\$aMode of access: World Wide Web.
=546  \\$aIn French; summaries also in English.
=540  \\$aBritish Library not licensed to copy$c0$5Uk
=650  \0$aMateria medica, Vegetable$vPeriodicals.
=650  \0$aMedicinal plants$vPeriodicals.
=776  1\$tPhytothérapie (Paris, France)$cPrint version$x1624-8597
=856  40$uhttp://springerlink.metapress.com/link.asp?id=111128
=856  40$uhttp://www.metapress.com/link.asp?id=111128
=856  40$uhttp://www.springerlink.com/content/1624-8597/
=856  40$uhttp://phyto.revuesonline.com/resnum.jsp?editionId=3145
=852  41$aBritish Library$bDSC$j6497.052500$3Volume 3:Issue 1(2005)-Volume 12:Issue 6(2014)***See ESTAR for full holdings.
=945  \\$aPhytotherapie.
=959  \\$fHeld but not currently received
=CAT  \\$a8335$b40$c20050207$lBLL01$h0859
=CAT  \\$aIPL-CLA$c20120812$lBLL01$h2028
=CAT  \\$aBATCH-CLA$b00$c20121109$lBLL01$h1729
=CAT  \\$aBATCH-UPD$b00$c20121121$lBLL01$h1626
=CAT  \\$aIPL-CLA$c20121231$lBLL01$h1315
=CAT  \\$aIPL-CLA$c20130102$lBLL01$h1736
=CAT  \\$aBATCH-UPD$b00$c20130522$lBLL01$h1728
=CAT  \\$aBATCH-CLA$b00$c20130526$lBLL01$h1619
=CAT  \\$aIPL-CLA$c20130701$lBLL01$h0049
=CAT  \\$aBATCH-UPD$b00$c20131119$lBLL01$h2046
=CAT  \\$aIPL-CLA$c20131231$lBLL01$h2346
=CAT  \\$aBATCH-CLA$b00$c20140125$lBLL01$h1255
=CAT  \\$aBATCH-CLA$c20140225$lBLL01$h2323
=CAT  \\$aBATCH-UPD$b00$c20140527$lBLL01$h2112
=CAT  \\$aBATCH-CLA$c20140528$lBLL01$h1739
=CAT  \\$aIPL-CLA$c20140630$lBLL01$h1723
=CAT  \\$aBLDSS-3PM$b00$c20150103$lBLL01$h1044
=CAT  \\$aBATCH-UPD$b00$c20150219$lBLL01$h1800
=CAT  \\$a5552$b40$c20150326$lBLL01$h1407
=CAT  \\$a8055$b40$c20150327$lBLL01$h1108
=CAT  \\$aBATCH-CLA$b00$c20150529$lBLL01$h1529
=CAT  \\$aIPL-CLA$c20150630$lBLL01$h1646
=CAT  \\$a8124$b40$c20161103$lBLL01$h0903
=CAT  \\$a8124$b40$c20161103$lBLL01$h0904
=CAT  \\$aBATCH-CLA$b00$c20221206$lBLL01$h1637
=CAT  \\$aIPL-CLA$c20221231$lBLL01$h1446
=CFI  0\$aBritish Library not licensed to copy$c0$e01-jan-2023$hC$iCFP Excluded$5Uk
=CFI  2\$aPrevious Copyright Fee: GBP29.95$c0$e01-jul-2015$fGBP29.95$g0$hC$5Uk
=EST  \\$a1
=FIN  \\$aY$d20111018
=LKR  \\$aPAR$b007863139$lBLL01$r776$mPhytothérapie (Online)$nPhytothérapie (Print)
=MNI  \\$a1624-8597
=SID  \\$aZ39$bOCLC
=TCO  \\$aZZZ$c008
=TCO  \\$aFRA$bCFC$c008
=TOC  \\$aETOC
=ACF  \\$aPrevious copyright fee: GBP21.25$c23\1$e01-jan-2009$fGBP21.25$g0$hP$5Uk
=ACF  \\$aPrevious copyright fee: GBP16.75$c23\1$e01-jan-2007$fGBP16.75$g0$hP$5Uk
=ACF  \\$aPrevious copyright fee: GBP16.22$c23\1$e01-oct-2006$fGBP16.22$g0$hP$5Uk
=ACF  \\$aPrevious copyright fee: GBP17.14$c23\1$e01-apr-2006$fGBP17.14$g0$hP$5Uk
=ACF  \\$aPrevious copyright fee: GBP16.67$c23\1$e01-jan-2006$fGBP16.67$g0$hP$5Uk
=ACF  \\$aPrevious copyright fee: GBP16.22$c23\1$e01-apr-2005$fGBP16.22$g0$hP$5Uk
=ACF  \\$aPrevious copyright fee: GBP16.67$c23\1$e01-jan-2005$fGBP16.67$g0$hP$5Uk
=ACF  \\$aPrevious copyright fee: GBP22.00$c23\1$e01-apr-2009$fGBP22.00$g0$hP$5Uk
=ACF  \\$aPrevious copyright fee: GBP22.00$c23\1$e12-aug-2012$fGBP22.00$g0$hP$5Uk
=ACF  \\$aPrevious copyright fee: GBP25.00$c23\1$e01-jan-2013$fGBP25.00$g0$hP$5Uk
=ACF  \\$aPrevious copyright fee: GBP25.77$c23\1$e01-jul-2013$fGBP25.77$g0$hP$5Uk
=ACF  \\$aPrevious copyright fee: GBP24.21$c23\1$e01-jul-2014$fGBP24.21$g0$hP$5Uk
=ACF  \\$aPrevious copyright fee: GBP24.97$c23\1$e01-jan-2014$fGBP24.97$g0$hP$5Uk
=ACF  \\$aPrevious copyright fee: GBP12.30$c0$e26-mar-2015$fGBP12.30$g0$hA$5Uk
=LAS  \\$aIPL-CLA$b00$c20221231$lBLL01$h1446

