=LDR  05522cas a2201189 a 4500
=001  013108427
=003  Uk
=005  20221231144608.0
=006  m\\\\\\\\d\\\\\\\\
=007  cr\mnu||||||||
=008  050610c20039999it\tr\pso\o\\\0\\\a0eng\d
=FMT  \\$a  SE
=022  \\$a1614-4015
=035  \\$a(OCoLC)60594452
=040  \\$aGAT$beng$cGAT$dOCL$dRBN$dOCL$dAUD$dOCLCQ$dUk
=042  \\$aukblsr
=043  \\$aee-----$ae-ur---
=050  \4$aHC244.A1
=082  04$a947.086$223
=130  0\$aTransition studies review (Online)
=222  \0$aTransition studies review$b(Internet)
=245  10$aTransition studies review$h[electronic resource].
=246  13$aJournal transition studies review
=246  10$aJTSR
=260  \\$aMilan :$bEgea-Bocconi University Press
=260  2\$a[New York] :$bSpringer
=264  31$a[Venice] :$bTransition Academia Press
=310  \\$a3 times a year
=336  \\$atext$2rdacontent
=337  \\$acomputer$2rdamedia
=338  \\$aonline resource$2rdacarrier
=362  1\$aPrint began with vol. 10, no. 1 (2003).
=530  \\$aAlso issued in print.
=538  \\$aMode of access: World Wide Web.
=550  \\$aIssues vol. 11, no. 3 (2004)- published by Springer Verlag.
=550  \\$aJournal acts as scientific forum for the CEEUN, and is supported by the University of Udine and the University of Ca' Foscari Venice.
=588  \\$aDescription based on: Vol. 11, issue 3 (2004); title from general information screen (viewed June 10, 2005).
=588  \\$aLatest issue consulted: Volume 23, number 1 (June 2016) (Transitions Academia Press website, viewed October 20, 2016).
=540  \\$aBritish Library not licensed to copy$c0$5Uk
=651  \0$aEurope, Eastern$xPolitics and government$y1989-$vPeriodicals.
=651  \0$aEurope, Eastern$xEconomic conditions$y1989-$vPeriodicals.
=651  \0$aFormer Soviet republics$xPolitics and government$vPeriodicals.
=651  \0$aFormer Soviet republics$xEconomic conditions$vPeriodicals.
=710  2\$aCentral and Eastern European University Network.
=776  1\$tTransition studies review$x1614-4007
=856  40$uhttp://transitionacademiapress.org/jtsr/index
=856  40$uhttp://www.springerlink.com/content/112913/
=852  41$aBritish Library$bDSC$j9020.864000$3Volume 11:Issue 3(2004)-Volume 20:Issue 3(2013)***See ESTAR for full holdings.
=945  \\$aTransition studies review
=959  \\$fHeld but not currently received
=985  \\$aCONFERENCE ANALYTIC RECORDS EXIST
=CAT  \\$a5552$b40$c20050210$lBLL01$h1158
=CAT  \\$aBATCH-UPD$b00$c20121121$lBLL01$h1629
=CAT  \\$aIPL-CLA$c20121231$lBLL01$h1315
=CAT  \\$aIPL-CLA$c20130102$lBLL01$h1736
=CAT  \\$aBATCH-UPD$b00$c20130522$lBLL01$h1731
=CAT  \\$aBATCH-CLA$b00$c20130526$lBLL01$h1700
=CAT  \\$aIPL-CLA$c20130701$lBLL01$h0050
=CAT  \\$aBATCH-UPD$b00$c20131119$lBLL01$h2058
=CAT  \\$a6162$b40$c20131210$lBLL01$h1242
=CAT  \\$aIPL-CLA$c20131231$lBLL01$h2347
=CAT  \\$aBATCH-CLA$b00$c20140125$lBLL01$h1315
=CAT  \\$aBATCH-CLA$c20140225$lBLL01$h2323
=CAT  \\$aBATCH-UPD$b00$c20140527$lBLL01$h2123
=CAT  \\$aBATCH-CLA$c20140528$lBLL01$h1739
=CAT  \\$aIPL-CLA$c20140630$lBLL01$h1723
=CAT  \\$aBLDSS-3PM$b00$c20150103$lBLL01$h1044
=CAT  \\$a12654$b40$c20150218$lBLL01$h1222
=CAT  \\$aBATCH-UPD$b40$c20150219$lBLL01$h1811
=CAT  \\$a5552$b40$c20150326$lBLL01$h1358
=CAT  \\$aBATCH-CLA$b00$c20150529$lBLL01$h1529
=CAT  \\$aIPL-CLA$c20150630$lBLL01$h1646
=CAT  \\$a10806$b40$c20150803$lBLL01$h1102
=CAT  \\$a8124$b40$c20161020$lBLL01$h1121
=CAT  \\$a8124$b40$c20161020$lBLL01$h1128
=CAT  \\$aBATCH-CLA$b00$c20221206$lBLL01$h1802
=CAT  \\$aIPL-CLA$c20221231$lBLL01$h1446
=CFI  0\$aBritish Library not licensed to copy$c0$e01-jan-2023$hC$iCFP Excluded$5Uk
=CFI  2\$aPrevious Copyright Fee: GBP29.95$c0$e01-jul-2015$fGBP29.95$g0$hC$5Uk
=EST  \\$a1
=FIN  \\$aY$d20111004
=LKR  \\$aPAR$b013035838$lBLL01$r776$mTransition studies review (Online)$nTransition studies review (Print)
=MNI  \\$a1614-4007
=SID  \\$aZ39$bOCLC
=TCO  \\$aZZZ$c008
=TCO  \\$aXXX$c008
=TOC  \\$aETOC
=ACF  \\$aPrevious copyright fee: GBP21.25$c23\6$e01-jan-2009$fGBP21.25$g0$hP$5Uk
=ACF  \\$aPrevious copyright fee: GBP16.75$c23\6$e01-jan-2007$fGBP16.75$g0$hP$5Uk
=ACF  \\$aPrevious copyright fee: GBP16.22$c23\6$e01-oct-2006$fGBP16.22$g0$hP$5Uk
=ACF  \\$aPrevious copyright fee: GBP17.14$c23\6$e01-apr-2006$fGBP17.14$g0$hP$5Uk
=ACF  \\$aPrevious copyright fee: GBP16.67$c23\6$e01-jan-2006$fGBP16.67$g0$hP$5Uk
=ACF  \\$aPrevious copyright fee: GBP16.22$c23\6$e01-apr-2005$fGBP16.22$g0$hP$5Uk
=ACF  \\$aPrevious copyright fee: GBP16.67$c23\6$e01-jan-2005$fGBP16.67$g0$hP$5Uk
=ACF  \\$aPrevious copyright fee: GBP22.00$c23\6$e01-apr-2009$fGBP22.00$g0$hP$5Uk
=ACF  \\$aPrevious copyright fee: GBP22.00$c23\6$e12-aug-2012$fGBP22.00$g0$hP$5Uk
=ACF  \\$aPrevious copyright fee: GBP25.00$c23\6$e01-jan-2013$fGBP25.00$g0$hP$5Uk
=ACF  \\$aPrevious copyright fee: GBP25.77$c23\6$e01-jul-2013$fGBP25.77$g0$hP$5Uk
=ACF  \\$aPrevious copyright fee: GBP24.21$c23\6$e01-jul-2014$fGBP24.21$g0$hP$5Uk
=ACF  \\$aPrevious copyright fee: GBP24.97$c23\6$e01-jan-2014$fGBP24.97$g0$hP$5Uk
=ACF  \\$aPrevious copyright fee: GBP12.30$c0$e26-mar-2015$fGBP12.30$g0$hA$5Uk
=LAS  \\$aIPL-CLA$b00$c20221231$lBLL01$h1446

