=LDR  04131aas a2200973 a 4500
=001  013110377
=003  Uk
=005  20130425155903.0
=006  m\\\\\\\\d\\\\\\\\
=007  cr\un|||||||||
=008  050614c19889999au\mr\pso\gw\\0\\\b0ger\d
=FMT  \\$a  SE
=022  0\$y1613-7647$l0933-2766
=035  \\$a(OCoLC)60626964
=040  \\$aOCLCS$beng$cOCLCS$dAUD$dCIT$dVPI$dOCLCQ$dUk
=042  \\$aukblsr
=043  \\$ae-au---
=050  \4$aKJJ884.5.A13
=082  04$a346.436043405$223
=245  00$aWohnrechtliche Blätter$h[electronic resource].
=246  13$aWobl
=260  \\$aWien ;$aNew York :$bSpringer
=310  \\$aMonthly
=336  \\$atext$2rdacontent
=337  \\$acomputer$2rdamedia
=338  \\$aonline resource$2rdacarrier
=362  1\$aBegan in 1988.
=515  \\$aIssues for <1992-> called: <5. Jahrg.->.
=588  \\$aDescription based on: 20. Jahrg. :Heft 1 (2007:Jan.); title from PDF caption (SpringerLink, Feb. 23, 2010).
=588  \\$aLatest issue consulted: 24. Jahrg. :Heft 9 (Sept. 2011) (SpringerLink, viewed Oct. 4 2011).
=540  \\$aCurrent Copyright Fee: GBP29.95$c0$5Uk
=650  \0$aHousing$xLaw and legislation$zAustria$vPeriodicals.
=650  \0$aLeases$zAustria$vPeriodicals.
=650  \0$aLandlord and tenant$zAustria$vPeriodicals.
=776  08$iPrint version:$tWohnrechtliche Blätter$x0933-2766
=856  40$uhttp://www.springerlink.com/content/120622/
=856  40$uhttp://www.springerlink.com/content/0933-2766/
=852  41$aBritish Library$bDSC$j9342.580000$3Volume 20:Issue 1(2007)-Volume 25:Issue 12(2012)***See ESTAR for full holdings.
=945  \\$aWohnrechtliche blatter
=959  \\$fHeld but not currently received
=CAT  \\$a5552$b40$c20050214$lBLL01$h1130
=CAT  \\$aBATCH$b00$c20061229$lBLL01$h2155
=CAT  \\$a7174$b40$c20070320$lBLL01$h1628
=CAT  \\$a7174$b40$c20070320$lBLL01$h1629
=CAT  \\$a7174$b40$c20070320$lBLL01$h1630
=CAT  \\$a8028$b40$c20070322$lBLL01$h1339
=CAT  \\$aBATCH-UPD$b40$c20081119$lBLL01$h1531
=CAT  \\$aBATCH-UPD$b40$c20081231$lBLL01$h2320
=CAT  \\$aBATCH-UPD$b40$c20090101$lBLL01$h0052
=CAT  \\$aBATCH$b00$c20090101$lBLL01$h0228
=CAT  \\$aBATCH-UPD$b00$c20090319$lBLL01$h1041
=CAT  \\$aBATCH-UPD$b00$c20090331$lBLL01$h2315
=CAT  \\$aBATCH-UPD$b00$c20090401$lBLL01$h0045
=CAT  \\$aBATCH$b00$c20090401$lBLL01$h0215
=CAT  \\$aWR10_164$c20101215$lBLL01$h1511
=CAT  \\$a8124$b40$c20111004$lBLL01$h1143
=CAT  \\$aWR12_038$c20120420$lBLL01$h1826
=CAT  \\$a5552$b40$c20120607$lBLL01$h0906
=CAT  \\$aIPL-CLA$c20120629$lBLL01$h1034
=CAT  \\$aBATCH-CLA$b00$c20120831$lBLL01$h1555
=CAT  \\$aIPL-CLA$c20120930$lBLL01$h2121
=CAT  \\$aBATCH-CLA$b00$c20121109$lBLL01$h1729
=CAT  \\$aBATCH-CLA$b00$c20121130$lBLL01$h1248
=CAT  \\$aIPL-CLA$c20121231$lBLL01$h1315
=CAT  \\$aIPL-CLA$c20130102$lBLL01$h1736
=CAT  \\$a12654$b40$c20130425$lBLL01$h1559
=CFI  0\$aCurrent Copyright Fee: GBP29.95$c0$e01-jan-2013$fGBP29.95$g0$hC$5Uk
=CFI  2\$aPrevious Copyright Fee: GBP22.00$c0$e01-oct-2012$fGBP22.00$g0$hC$5Uk
=EST  \\$a1
=FIN  \\$aY$d20111004
=MNI  \\$a0933-2766
=SID  \\$aZ39$bOCLC
=TCO  \\$aXXX$c008
=TOC  \\$aETOC
=ACF  \\$aPrevious copyright fee: GBP22.00$c23\6$e01-apr-2009$fGBP22.00$g0$hP$5Uk
=ACF  \\$aPrevious copyright fee: GBP21.25$c23\6$e01-jan-2009$fGBP21.25$g0$hP$5Uk
=ACF  \\$aPrevious Copyright Fee: GBP16.75$c23\6$e01-jan-2007$fGBP16.75$g0$hP$5Uk
=ACF  \\$aPrevious copyright fee: GBP16.22$c23\6$e01-oct-2006$fGBP16.22$g0$hP$5Uk
=ACF  \\$aPrevious copyright fee: GBP17.14$c23\6$e01-apr-2006$fGBP17.14$g0$hP$5Uk
=ACF  \\$aPrevious copyright fee: GBP16.67$c23\6$e01-jan-2006$fGBP16.67$g0$hP$5Uk
=ACF  \\$aPrevious copyright fee: GBP16.22$c23\6$e01-apr-2005$fGBP16.22$g0$hP$5Uk
=ACF  \\$aPrevious copyright fee: GBP16.67$c23\6$e01-jan-2005$fGBP16.67$g0$hP$5Uk
=ACF  \\$aPrevious copyright fee: GBP22.00$c0$e01-jul-2012$fGBP22.00$g0$hC$5Uk
=LAS  \\$a12654$b40$c20130425$lBLL01$h1559

