=LDR  04388cas a2200961 a 4500
=001  013110460
=003  Uk
=005  20221231144609.0
=006  m\\\\\\\\d\\\\\\\\
=007  cr\|||||||||||
=008  080513c200u9999au\br\p\o\\\\\0\\\b0ger\d
=FMT  \\$a  SE
=022  0\$a1613-7655$l1613-7655$y1617-7126
=035  \\$a(OCoLC)228037813
=040  \\$aHNK$beng$cHNK$dHNK$dOH1$dOCLCQ$dUk
=042  \\$aukblsr
=043  \\$ae-au---
=050  \4$aKJJ3147$b.Z45
=082  04$a378.1$223
=222  \0$aZeitschrift für Hochschulrecht, Hochschulmanagement und Hochschulpolitik$b(Internet)
=245  00$aZeitschrift für Hochschulrecht, Hochschulmanagement und Hochschulpolitik$h[electronic resource] :$bzfhr.
=246  30$aZfhr
=260  \\$aWien :$bSpringer
=310  \\$aBimonthly
=336  \\$atext$2rdacontent
=337  \\$acomputer$2rdamedia
=338  \\$aonline resource$2rdacarrier
=588  \\$aDescription based on: Vol. 6, no. 1 (Feb., 2007); title from journal information screen (SpringerLink, viewed May 14, 2008).
=588  \\$aLatest issue consulted: Vol. 10, no. 4 (Aug. 2011); (SpringerLink, viewed Oct. 4, 2011).
=540  \\$aBritish Library not licensed to copy$c0$5Uk
=650  \0$aUniversities and colleges$xLaw and legislation$zAustria$vPeriodicals.
=650  \0$aUniversities and colleges$xAdministration$vPeriodicals.
=776  08$iPrint version:$tZeitschrift für Hochschulrecht, Hochschulmanagement und Hochschulpolitik$x1617-7126
=856  40$uhttp://www.springerlink.com/content/120629/
=856  40$uhttp://www.springerlink.com/content/1617-7126/
=852  41$aBritish Library$bDSC$j9464.610000$3Volume 6:Issue 1(2007)-Volume 11:Issue 6(2012)***See ESTAR for full holdings.
=945  \\$aZeitschrift fur hochschulrecht, hochschulmanagement und hochschulpolitik
=959  \\$fHeld but not currently received
=CAT  \\$a5552$b40$c20050214$lBLL01$h1155
=CAT  \\$a7174$b40$c20070321$lBLL01$h1401
=CAT  \\$a7174$b40$c20070321$lBLL01$h1402
=CAT  \\$a9541$b40$c20070330$lBLL01$h1631
=CAT  \\$aBATCH-UPD$b40$c20081119$lBLL01$h1531
=CAT  \\$aBATCH-UPD$b40$c20081231$lBLL01$h2320
=CAT  \\$aBATCH-UPD$b40$c20090101$lBLL01$h0052
=CAT  \\$aBATCH$b00$c20090101$lBLL01$h0228
=CAT  \\$aBATCH-UPD$b00$c20090319$lBLL01$h1041
=CAT  \\$aBATCH-UPD$b00$c20090331$lBLL01$h2315
=CAT  \\$aBATCH-UPD$b00$c20090401$lBLL01$h0045
=CAT  \\$aBATCH$b00$c20090401$lBLL01$h0215
=CAT  \\$aWR10_164$c20101215$lBLL01$h1511
=CAT  \\$a8124$b40$c20111004$lBLL01$h1353
=CAT  \\$aWR12_038$c20120420$lBLL01$h1826
=CAT  \\$a5552$b40$c20120607$lBLL01$h0912
=CAT  \\$aIPL-CLA$c20120629$lBLL01$h1034
=CAT  \\$aBATCH-CLA$b00$c20120831$lBLL01$h1555
=CAT  \\$aIPL-CLA$c20120930$lBLL01$h2121
=CAT  \\$aBATCH-CLA$b00$c20121109$lBLL01$h1729
=CAT  \\$aBATCH-CLA$b00$c20121130$lBLL01$h1248
=CAT  \\$aIPL-CLA$c20121231$lBLL01$h1315
=CAT  \\$aIPL-CLA$c20130102$lBLL01$h1736
=CAT  \\$a12654$b40$c20130429$lBLL01$h0952
=CAT  \\$aBATCH-CLA$b00$c20221206$lBLL01$h1614
=CAT  \\$aIPL-CLA$c20221231$lBLL01$h1446
=CFI  0\$aBritish Library not licensed to copy$c0$e01-jan-2023$hC$iCFP Excluded$5Uk
=CFI  2\$aPrevious Copyright Fee: GBP29.95$c0$e01-jan-2013$fGBP29.95$g0$hC$5Uk
=EST  \\$a1
=FIN  \\$aY$d20111004
=MNI  \\$a1617-7126
=SID  \\$aZ39$bOCLC
=TCO  \\$aXXX$c008
=TOC  \\$aETOC
=ACF  \\$aPrevious copyright fee: GBP22.00$c23\6$e01-apr-2009$fGBP22.00$g0$hP$5Uk
=ACF  \\$aPrevious copyright fee: GBP21.25$c23\6$e01-jan-2009$fGBP21.25$g0$hP$5Uk
=ACF  \\$aPrevious copyright fee: GBP16.75$c23\6$e01-jan-2007$fGBP16.75$g0$hP$5Uk
=ACF  \\$aPrevious copyright fee: GBP16.22$c23\6$e01-oct-2006$fGBP16.22$g0$hP$5Uk
=ACF  \\$aPrevious copyright fee: GBP17.14$c23\6$e01-apr-2006$fGBP17.14$g0$hP$5Uk
=ACF  \\$aPrevious copyright fee: GBP16.67$c23\6$e01-jan-2006$fGBP16.67$g0$hP$5Uk
=ACF  \\$aPrevious copyright fee: GBP16.22$c23\6$e01-apr-2005$fGBP16.22$g0$hP$5Uk
=ACF  \\$aPrevious copyright fee: GBP16.67$c23\6$e01-jan-2005$fGBP16.67$g0$hP$5Uk
=ACF  \\$aPrevious copyright fee: GBP22.00$c0$e01-jul-2012$fGBP22.00$g0$hC$5Uk
=ACF  \\$aPrevious Copyright Fee: GBP22.00$c0$e01-oct-2012$fGBP22.00$g0$hC$5Uk
=LAS  \\$aIPL-CLA$b00$c20221231$lBLL01$h1446

