=LDR  04578cas a2201057 a 4500
=001  013110498
=003  Uk
=005  20221231144609.0
=006  m\\\\\\\\d\\\\\\\\
=007  cr\un|||||||||
=008  050614c19969999au\qr\pso\go\\0\\\b0ger\d
=FMT  \\$a  SE
=022  0\$y1613-7663$l0948-4396
=035  \\$a(OCoLC)60621748
=040  \\$aOCLCS$beng$cOCLCS$dCIT$dOCLCQ$dUk
=041  0\$ager$aeng
=042  \\$aukblsr
=043  \\$ae-au---
=050  \4$aK15
=082  04$a340.05$223
=130  0\$aZeitschrift für öffentliches Recht (Online)
=245  10$aZeitschrift für öffentliches Recht$h[electronic resource].
=246  13$aZÖR
=246  31$aAustrian journal of public and international law
=260  \\$aWien ;$aNew York :$bSpringer
=310  \\$aFour issues a year,$b1997-
=321  \\$aSix issues a year,$b1996
=336  \\$atext$2rdacontent
=337  \\$acomputer$2rdamedia
=338  \\$aonline resource$2rdacarrier
=362  1\$aBegan with v. 50, no. 1 (1996).
=515  \\$aSome no. issued in combined form.
=546  \\$aChiefly German, some English; summaries in English and German.
=588  \\$aDescription based on: V. 62:no. 1 (2007:Mar.); title from PDF caption (SpringerLink, Feb. 23, 2010).
=588  \\$aLatest issue consulted: vol. 66, no. 3 (Sept. 2011) (SpringerLink, Oct. 4, 2011).
=540  \\$aBritish Library not licensed to copy$c0$5Uk
=650  \0$aPublic law$zAustria$vPeriodicals.
=650  \0$aPublic law$vPeriodicals.
=650  \0$aInternational law$vPeriodicals.
=650  \0$aJudicial assistance$zAustria$vPeriodicals.
=776  08$iPrint version$tZeitschrift für öffentliches Recht$x0948-4396
=856  40$uhttp://www.springerlink.com/content/120630/
=852  41$aBritish Library$bDSC$j9475.605000$3Volume 62:Issue 1(2007)-Volume 67:Issue 4(2012)***See ESTAR for full holdings.
=945  \\$aZeitschrift fur offentliches Recht
=959  \\$fHeld but not currently received
=CAT  \\$a5552$b40$c20050214$lBLL01$h1208
=CAT  \\$a7174$b40$c20070413$lBLL01$h1601
=CAT  \\$aBATCH-UPD$b40$c20081119$lBLL01$h1531
=CAT  \\$aBATCH-UPD$b40$c20081231$lBLL01$h2320
=CAT  \\$aBATCH-UPD$b40$c20090101$lBLL01$h0052
=CAT  \\$aBATCH$b00$c20090101$lBLL01$h0228
=CAT  \\$aBATCH-UPD$b00$c20090319$lBLL01$h1041
=CAT  \\$aBATCH-UPD$b00$c20090331$lBLL01$h2315
=CAT  \\$aBATCH-UPD$b00$c20090401$lBLL01$h0045
=CAT  \\$aBATCH$b00$c20090401$lBLL01$h0215
=CAT  \\$a8874$b40$c20100804$lBLL01$h1410
=CAT  \\$aWR10_164$c20101215$lBLL01$h1511
=CAT  \\$a8124$b40$c20111004$lBLL01$h1411
=CAT  \\$aWR12_038$c20120420$lBLL01$h1826
=CAT  \\$a5552$b40$c20120607$lBLL01$h0912
=CAT  \\$a5552$b40$c20120607$lBLL01$h0920
=CAT  \\$aIPL-CLA$c20120629$lBLL01$h1034
=CAT  \\$aBATCH-CLA$b00$c20120831$lBLL01$h1555
=CAT  \\$aIPL-CLA$c20120930$lBLL01$h2121
=CAT  \\$aBATCH-CLA$b00$c20121109$lBLL01$h1729
=CAT  \\$aBATCH-CLA$b00$c20121130$lBLL01$h1248
=CAT  \\$aIPL-CLA$c20121231$lBLL01$h1315
=CAT  \\$aIPL-CLA$c20130102$lBLL01$h1736
=CAT  \\$a12654$b40$c20130429$lBLL01$h1056
=CAT  \\$aBATCH-CLA$b00$c20221206$lBLL01$h1806
=CAT  \\$aIPL-CLA$c20221231$lBLL01$h1446
=CFI  0\$aBritish Library not licensed to copy$c0$e01-jan-2023$hC$iCFP Excluded$5Uk
=CFI  2\$aPrevious Copyright Fee: GBP29.95$c0$e01-jan-2013$fGBP29.95$g0$hC$5Uk
=EST  \\$a1
=FIN  \\$aY$d20111004
=MNI  \\$a0948-4396
=SID  \\$aZ39$bOCLC
=TCO  \\$aXXX$c008
=TOC  \\$aETOC
=ACF  \\$aPrevious copyright fee: GBP22.00$c0$e07-jun-2012$fGBP22.00$g0$hC$5Uk
=ACF  \\$aPrevious copyright fee: GBP22.00$c23\6$e01-apr-2009$fGBP22.00$g0$hP$5Uk
=ACF  \\$aPrevious copyright fee: GBP21.25$c23\6$e01-jan-2009$fGBP21.25$g0$hP$5Uk
=ACF  \\$aPrevious Copyright Fee: GBP16.75$c23\6$e01-jan-2007$fGBP16.75$g0$hP$5Uk
=ACF  \\$aPrevious copyright fee: GBP16.22$c23\6$e01-oct-2006$fGBP16.22$g0$hP$5Uk
=ACF  \\$aPrevious copyright fee: GBP17.14$c23\6$e01-apr-2006$fGBP17.14$g0$hP$5Uk
=ACF  \\$aPrevious copyright fee: GBP16.67$c23\6$e01-jan-2006$fGBP16.67$g0$hP$5Uk
=ACF  \\$aPrevious copyright fee: GBP16.22$c23\6$e01-apr-2005$fGBP16.22$g0$hP$5Uk
=ACF  \\$aPrevious copyright fee: GBP16.67$c23\6$e01-jan-2005$fGBP16.67$g0$hP$5Uk
=ACF  \\$aPrevious copyright fee: GBP22.00$c0$e01-jul-2012$fGBP22.00$g0$hC$5Uk
=ACF  \\$aPrevious Copyright Fee: GBP22.00$c0$e01-oct-2012$fGBP22.00$g0$hC$5Uk
=LAS  \\$aIPL-CLA$b00$c20221231$lBLL01$h1446

