=LDR  04661 as a2200985 a 4500
=001  013196471
=003  Uk
=005  20170313133542.0
=006  m\\\\\\\\d\\\\\\\\
=007  cr\|||||||||||
=008  050511c20059999xxuar\m\s\\\\\0\\\a0eng\\
=FMT  \\$a  SE
=022  0\$a1744-7984
=040  \\$aUk$beng$cUk
=042  \\$aukblsr
=130  0\$aYearbook of the National Society for the Study of Education (Online)
=222  \0$aYearbook of the National Society for the Study of Education$b(Online)
=245  10$aYearbook of the National Society for the Study of Education$h[electronic resource]
=260  \\$aOxford :$bBlackwell Science,$c2005-
=260  3\$a[New York] :$bTeachers College, Columbia University
=336  \\$atext$2rdacontent
=337  \\$acomputer$2rdamedia
=338  \\$aonline resource$2rdacarrier
=500  \\$aTitle from title screen via ESTAR.
=500  \\$aLatest issue consulted: Vol. 109, issue 1 (2010) (National Society for the Study of Education website, viewed Sept. 30, 2010).
=516  \\$aPDF format
=538  \\$aMode of access: Internet
=540  \\$aCurrent Copyright Fee: GBP4.00$c0$5Uk
=650  \0$aEducation$zUnited States$vPeriodicals.
=710  2\$aNational Society for the Study of Education.
=776  0\$tYearbook of the National Society for the Study of Education$x0077-5762
=856  40$uhttp://www.blackwellpublishing.com/journal.asp?ref=0077-5762&site=1
=856  40$uhttp://nsse-chicago.org/Yearbooks.asp
=852  \\$aBritish Library$bDSC$j9394.100000$3Volume 104:Part 2(2005)-Volume 108:Issue 2(2009)***See ESTAR for full holdings.
=945  \\$aYearbook- National Society for the Study of Education
=959  \\$fHeld but not currently received
=985  \\$aISSN responsibility transferred to ISSN US Centre 17/04/2012.
=CAT  \\$a7174$b40$c20050511$lBLL01$h1356
=CAT  \\$aBATCH-UPD$b00$c20090101$lBLL01$h0053
=CAT  \\$aBATCH$b00$c20090101$lBLL01$h0228
=CAT  \\$a11033$b40$c20100701$lBLL01$h1448
=CAT  \\$a8483$b40$c20100930$lBLL01$h0936
=CAT  \\$a8483$b40$c20100930$lBLL01$h0939
=CAT  \\$a5552$b40$c20101025$lBLL01$h1433
=CAT  \\$aBATCH-UPD$b40$c20101201$lBLL01$h1250
=CAT  \\$aWR10_164$c20101215$lBLL01$h1511
=CAT  \\$aIPL-CLA$c20101231$lBLL01$h1515
=CAT  \\$a5552$b40$c20110106$lBLL01$h1440
=CAT  \\$a5552$b40$c20110401$lBLL01$h0904
=CAT  \\$a5552$b40$c20110704$lBLL01$h0905
=CAT  \\$a5552$b40$c20111006$lBLL01$h1617
=CAT  \\$a5552$b40$c20120410$lBLL01$h0929
=CAT  \\$a11316$b40$c20120417$lBLL01$h1105
=CAT  \\$a5552$b40$c20120704$lBLL01$h0909
=CAT  \\$a5552$b40$c20121010$lBLL01$h0908
=CAT  \\$aBATCH-CLA$b00$c20121109$lBLL01$h1729
=CAT  \\$a12654$b40$c20130109$lBLL01$h1551
=CAT  \\$a5552$b40$c20130404$lBLL01$h1402
=CAT  \\$aBATCH-CLA$b00$c20140125$lBLL01$h1312
=CAT  \\$aBATCH-CLA$c20140225$lBLL01$h2324
=CAT  \\$aBATCH-UPD$b00$c20141223$lBLL01$h0138
=CAT  \\$a5552$b40$c20170313$lBLL01$h1335
=CAT  \\$aIPL-CLA$c20170331$lBLL01$h1845
=CFI  0\$aCurrent Copyright Fee: GBP4.00$c0$e01-apr-2017$fGBP4.00$g0$hC$5Uk
=CFI  2\$aPrevious Copyright Fee: GBP3.70$c0$e13-mar-2017$fGBP3.70$g0$hC$5Uk
=EST  \\$a1
=FIN  \\$aY$d20060622
=LKR  \\$aPAR$b011786043$lBLL01$r776$mYearbook of the National Society for the Study of Education$nYEARBOOK- NATIONAL SOCIETY FOR THE STUDY OF EDUCATION.
=MNI  \\$a0077-5762
=TCO  \\$aCLA$bCLA$c008
=TOC  \\$aETOC
=ACF  \\$aPrevious Copyright Fee: GBP3.23$c0$e10-apr-2012$fGBP3.23$g0$hC$5Uk
=ACF  \\$aPrevious Copyright Fee: GBP3.00$c0$e06-oct-2011$fGBP3.00$g0$hC$5Uk
=ACF  \\$aCurrent Copyright Fee: GBP22.60$c0$e01-jul-2011$fGBP22.60$g0$hC$5Uk
=ACF  \\$aPrevious Copyright Fee: GBP10.50$c0$e01-apr-2011$fGBP10.50$g0$hC$5Uk
=ACF  \\$aCurrent Copyright Fee: GBP17.00$c0$e01-jan-2011$fGBP17.00$g0$hC$5Uk
=ACF  \\$aPrevious Copyright Fee: GBP17.00$c0$e25-oct-2010$fGBP17.00$g0$hC$5Uk
=ACF  \\$aCurrent copyright fee: GBP9.00$c0$e01-jul-2010$fGBP9.00$g0$hA$5Uk
=ACF  \\$aPrevious copyright fee: GBP17.00$c10\0$e01-jan-2009$fGBP17.00$g0$hP$5Uk
=ACF  \\$aPrevious copyright fee: GBP16.00$c10\0$e01-jan-2006$fGBP16.00$g0$hP$5Uk
=ACF  \\$aPrevious copyright fee: GBP15.00$c10\0$e11-may-2005$fGBP15.00$g0$hP$5Uk
=ACF  \\$aPrevious Copyright Fee: GBP3.13$c0$e04-apr-2013$fGBP3.13$g0$hC$5Uk
=ACF  \\$aPrevious Copyright Fee: GBP3.23$c0$e01-oct-2012$fGBP3.23$g0$hC$5Uk
=ACF  \\$aPrevious Copyright Fee: GBP3.03$c0$e01-jul-2012$fGBP3.03$g0$hC$5Uk
=LAS  \\$aIPL-CLA$b00$c20170331$lBLL01$h1845

