=LDR  05149cas a2201225 a 4500
=001  013255278
=003  Uk
=005  20230511162859.0
=006  m\\\\\\\\u\\\\\\\\
=007  cr\|n|||||||||
=008  760128c19499999gw\br\pso\\\\\0\\\a0eng\\
=FMT  \\$a  SE
=016  7\$a0374655$2DNLM
=016  7\$aH16040000$2DNLM
=022  0\$a1618-1301$l0018-442X
=030  \\$aHOMOA7
=035  \\$a(OCoLC)123402419
=040  \\$aCtY$beng$cCUD$dOCLCQ$dZ5A$dAUD$dOCLCQ$dUk
=042  \\$aukblsr
=050  14$aGN1$b.H75
=060  00$aW1$bHO521
=082  04$a599.9$223
=130  0\$aHomo (Online)
=210  0\$aHomo
=222  \0$aHomo$b(Jena. Internet)
=245  10$aHomo$h[electronic resource].
=246  1\$iIssues for <2001-> have subtitle :$aHomo :$bJournal of comparative human biology
=260  \\$aJena :$bUrban & Fischer
=260  2\$32005-$a[Jena] :$bElsevier Science
=264  31$aStuttgart, Germany :$bSchweizerbart science publishers
=310  \\$aBimonthly,$b2007-
=321  \\$aQuarterly,$b2005-2006
=321  \\$a3 no. a year,$b<1999->2004
=321  \\$a4 no. a year,$b1951-<1998>
=321  \\$aIrregular,$b1949-1950
=336  \\$atext$2rdacontent
=337  \\$acomputer$2rdamedia
=338  \\$aonline resource$2rdacarrier
=362  0\$a1.- Bd., 1949-
=500  \\$aImprint varies.
=525  \\$aHas also occasional supplements.
=546  \\$aIn German, 1949- ; in English, 2001-.
=550  \\$aOrgan of: Deutsche Gesellschaft für Anthropologie, 1949-1965; of the Australasian Society for Human Biology, 2002-.
=588  \\$aLatest issue consulted: Vol. 73 number 1 (2022) (Schweizerbart Science Publishers, viewed March 22, 2023).
=540  \\$aCurrent Copyright Fee: GBP34.00$c0$5Uk
=650  \0$aAnthropology$vPeriodicals.
=650  \0$aHuman biology$vPeriodicals.
=650  \2$aAnthropology$vPeriodicals.
=650  17$aFysische antropologie.$2gtt
=655  \0$aElectronic journals.
=710  2\$aDeutsche Gesellschaft für Anthropologie.
=710  2\$aAustralasian Society for Human Biology.
=776  0\$tHomo$x0018-442X
=856  40$uhttps://www.schweizerbart.de/journals/homo
=856  40$uhttp://www.sciencedirect.com/science/journal/0018442X
=852  \\$aBritish Library$bDSC$j4326.325000$3Volume 52:Issue 1(2001)-Volume 62:Issue 1(2011)***See ESTAR for full holdings.
=945  \\$aHOMO -GOTTINGEN-.
=959  \\$fHeld but not currently received
=CAT  \\$a7174$b40$c20050719$lBLL01$h1446
=CAT  \\$a8124$b40$c20120515$lBLL01$h1458
=CAT  \\$a8124$b40$c20120516$lBLL01$h0754
=CAT  \\$aBATCH-CLA$b00$c20121109$lBLL01$h1728
=CAT  \\$aBATCH-UPD$b00$c20121121$lBLL01$h1657
=CAT  \\$aIPL-CLA$c20121231$lBLL01$h1316
=CAT  \\$aIPL-CLA$c20130102$lBLL01$h1739
=CAT  \\$aBATCH-CLA$b00$c20140125$lBLL01$h1301
=CAT  \\$aBATCH-CLA$c20140225$lBLL01$h2324
=CAT  \\$aBLDSS-3PM$b00$c20141222$lBLL01$h1714
=CAT  \\$aBATCH-UPD$b00$c20160604$lBLL01$h2348
=CAT  \\$aBATCH-UPD$b00$c20171121$lBLL01$h1745
=CAT  \\$aIPL-CLA$c20171231$lBLL01$h1645
=CAT  \\$aBATCH-UPD$b00$c20190521$lBLL01$h1436
=CAT  \\$aIPL-CLA$c20190630$lBLL01$h1534
=CAT  \\$a5552$b40$c20191129$lBLL01$h1126
=CAT  \\$aIPL-CLA$c20191231$lBLL01$h1934
=CAT  \\$aDEL-3PM$c20200108$lBLL01$h0853
=CAT  \\$aBATCH-CLA$b00$c20200325$lBLL01$h1242
=CAT  \\$aIPL-CLA$c20200331$lBLL01$h1614
=CAT  \\$aBATCH-CLA$b00$c20210328$lBLL01$h1305
=CAT  \\$aIPL-CLA$c20210331$lBLL01$h1700
=CAT  \\$aBATCH-CLA$b00$c20221206$lBLL01$h1654
=CAT  \\$aIPL-CLA$c20221231$lBLL01$h1446
=CAT  \\$a8055$b40$c20230315$lBLL01$h1321
=CAT  \\$a8483$b40$c20230322$lBLL01$h1055
=CAT  \\$aBATCH-FIX$c20230511$lBLL01$h1628
=CFI  0\$aCurrent Copyright Fee: GBP34.00$c0$e15-mar-2023$fGBP34.00$g0$hC$5Uk
=CFI  2\$aBritish Library not licensed to copy$c0$e01-jan-2023$hC$iCFP Excluded$5Uk
=EST  \\$a1
=FIN  \\$aY$d20120515
=LKR  \\$aPAR$b009205301$lBLL01$r776$mHOMO - journal of comparative human biology (Online)$nHOMO - journal of comparative human biology (Print)
=MNI  \\$a0018-442X
=SID  \\$aZ39$bOCLC
=TCO  \\$aDEU$bVG WORT$c008
=TOC  \\$aETOC
=ACF  \\$aPrevious Copyright Fee: GBP34.00$c0$e01-apr-2021$fGBP34.00$g0$hC$5Uk
=ACF  \\$aPrevious copyright fee: GBP19.00$c5\1$e01-jan-2008$fGBP19.00$g0$hP$5Uk
=ACF  \\$aPrevious Copyright Fee: GBP18.00$c5\1$e19-jul-2005$fGBP18.00$g0$hP$5Uk
=ACF  \\$aPrevious copyright fee: GBP20.00$c5\1$e01-jan-2009$fGBP20.00$g0$hP$5Uk
=ACF  \\$aPrevious copyright fee: GBP21.00$c5\1$e01-jan-2012$fGBP21.00$g0$hP$5Uk
=ACF  \\$aPrevious copyright fee: GBP22.50$c5\1$e01-jan-2013$fGBP22.50$g0$hP$5Uk
=ACF  \\$aPrevious copyright fee: GBP23.40$c5\1$e01-jan-2018$fGBP23.40$g0$hP$5Uk
=ACF  \\$aPrevious copyright fee: GBP32.84$c5\1$e01-jul-2019$fGBP32.84$g0$hP$5Uk
=ACF  \\$aPrevious Copyright Fee: GBP20.00$c0$e01-jan-2020$fGBP20.00$g0$hA$5Uk
=ACF  \\$aPrevious Copyright Fee: GBP23.40$c0$e01-apr-2020$fGBP23.40$g0$hC$5Uk
=LAS  \\$aBATCH-FIX$b00$c20230511$lBLL01$h1628

