=LDR  03833aas a2200913 a 4500
=001  013353664
=003  Uk
=005  20120104105849.0
=006  m\\\\\\\\d\\\\\\\\
=007  cr||||||||||||
=008  010921c19979999enkqx\pss\\\\\0\\\a0eng\d
=FMT  \\$a  SE
=022  \\$y1385-514X$a1744-4977$202
=037  \\$bSwets & Zeitlinger Publishers, Martin Scrivener, Publisher, P.O. Box 825, 2160 SZ Lisse, The Netherlands
=040  \\$aF#A$beng$cF#A$dOCLCQ$dDLC$dOCLCQ$dOCLCS$dUk
=042  \\$aissnuk
=082  04$a662.2$222
=130  0\$aFragblast (Online)
=222  \0$aFragblast$b(Online)
=245  10$aFragblast$h[electronic resource] :$bthe international journal for blasting and fragmentation.
=246  30$aInternational journal for blasting and fragmentation
=260  \\$a[Lisse, the Netherlands] :$bSwets & Zeitlinger Pub.
=260  3\$aAbingdon :$bTaylor & Francis
=310  \\$aFour issues yearly
=336  \\$atext$2rdacontent
=337  \\$acomputer$2rdamedia
=338  \\$aonline resource$2rdacarrier
=362  1\$aPrint began with 1997.
=500  \\$aDescription based on: Vol. 4, no. 2 (2000); title from journal information screen (viewed Sept. 16, 2001).
=516  \\$aPDF format
=538  \\$aMode of access: World Wide Web.
=530  \\$aAlso issued in print.
=540  \\$aCurrent copyright fee: GBP25.00$c0$5Uk
=650  \0$aBlasting$vPeriodicals.
=650  \0$aRocks$xCleavage$vPeriodicals.
=776  1\$tFragblast (Rotterdam)$x1385-514X
=856  40$uhttp://www.tandf.co.uk/journals/titles/1385514X.asp
=852  41$aBritish Library$bDSC$j4030.793000$3Volume 7:Issue 1(2003)-Volume 10:Issue 3(2006)***See ESTAR for full holdings.
=945  \\$aFragblast -Rotterdam-
=959  \\$fHeld but not currently received
=CAT  \\$a11281$b40$c20051206$lBLL01$h1441
=CAT  \\$a11316$b40$c20060208$lBLL01$h1229
=CAT  \\$aBATCH-UPD$b40$c20060901$lBLL01$h0959
=CAT  \\$aBATCH-UPD$b40$c20060901$lBLL01$h1031
=CAT  \\$aBATCH-UPD$b40$c20061122$lBLL01$h1117
=CAT  \\$aBATCH-UPD$b40$c20061229$lBLL01$h2020
=CAT  \\$aBATCH-UPD$b40$c20061229$lBLL01$h2108
=CAT  \\$aBATCH$b00$c20061229$lBLL01$h2156
=CAT  \\$a8180$b40$c20070130$lBLL01$h1113
=CAT  \\$a7174$b40$c20080108$lBLL01$h1704
=CAT  \\$aBATCH-UPD$b40$c20080221$lBLL01$h1442
=CAT  \\$aBATCH-UPD$b40$c20080330$lBLL01$h0810
=CAT  \\$aBATCH-UPD$b40$c20080330$lBLL01$h1605
=CAT  \\$aBATCH$b00$c20080330$lBLL01$h2305
=CAT  \\$a5552$b40$c20081114$lBLL01$h1600
=CAT  \\$a5552$b40$c20090112$lBLL01$h1155
=CAT  \\$a5552$b40$c20090403$lBLL01$h1312
=CAT  \\$a6811$b40$c20090604$lBLL01$h0921
=CAT  \\$aBATCH-UPD$b40$c20101201$lBLL01$h1250
=CAT  \\$aIPL-CLA$c20101231$lBLL01$h1517
=CAT  \\$a5552$b40$c20110106$lBLL01$h1150
=CAT  \\$aBATCH-UPD$b40$c20110823$lBLL01$h1521
=CAT  \\$a5552$b40$c20120104$lBLL01$h1058
=CAT  \\$aBATCH-CLA$b00$c20121109$lBLL01$h1728
=CAT  \\$aBATCH-CLA$b00$c20140125$lBLL01$h1257
=CAT  \\$aBATCH-CLA$c20140225$lBLL01$h2325
=CFI  0\$aCurrent Copyright Fee: GBP25.00$c0$e01-jan-2012$fGBP25.00$g0$hC$5Uk
=CFI  2\$aPrevious Copyright Fee: GBP18.02$c0$e01-jan-2011$fGBP18.02$g0$hC$5Uk
=EST  \\$a1
=FIN  \\$aY$d20051206
=SID  \\$aZ39$bOCLC
=TCO  \\$aCLA$bCLA$c008
=TOC  \\$aETOC
=ACF  \\$aPrevious Copyright Fee: GBP21.28$c0$e01-apr-2009$fGBP21.28$g0$hC$5Uk
=ACF  \\$aCurrent Copyright Fee: GBP18.00$c0$e12-jan-2009$fGBP18.00$g0$hC$5Uk
=ACF  \\$aCurrent copyright fee: GBP6.00$c0$e14-nov-2008$fGBP6.00$g0$hA$5Uk
=ACF  \\$aCurrent copyright fee: GBP19.00$c2\0$e01-apr-2008$fGBP19.00$g0$hP$5Uk
=ACF  \\$aPrevious Copyright Fee: GBP20.00$c2\0$e08-jan-2008$fGBP20.00$g0$hP$5Uk
=LAS  \\$aBATCH-CLA$b00$c20140225$lBLL01$h2325

