=LDR  04745cas a2201009 a 4500
=001  013357512
=003  Uk
=005  20230511162905.0
=006  m\\\\\\\\u\\\\\\\\
=007  cr\|||||||||||
=008  000922c19919999enkqx\pss\\\\\0\\\a0eng\d
=FMT  \\$a  SE
=015  \\$aGBA605098$2bnb
=022  \\$a1476-3540$202
=040  \\$aUV$cUV$dOCL$dOCLCQ$dTXU$dRBN$dOCL$dOCLCQ$dOCLCS$dUk
=042  \\$aissnuk$aukblsr
=082  04$a520.5$222
=130  0\$aAstronomical and astrophysical transactions (Online)
=210  0\$aAstron. astrophys. trans.$b(Online)
=222  \0$aAstronomical and astrophysical transactions$b(Online)
=245  10$aAstronomical and astrophysical transactions$h[electronic resource] :$bthe journal of the Soviet Astronomical Society.
=246  13$aAApTr
=246  1\$iChange in subtitle:$aAstronomical and astrophysical transactions :$bjournal of the Eurasian Astronomical Society
=260  \\$aPhiladelphia :$bGordon and Breach Science Publishers,$c[1991]-
=260  2\$aAbingdon :$bTaylor & Francis
=264  31$aCambridge :$bpublished jointly by the Euro-Asian Astronomical Society and Cambridge Scientific Publishers
=310  \\$aFour no. a year
=336  \\$atext$2rdacontent
=337  \\$acomputer$2rdamedia
=338  \\$aonline resource$2rdacarrier
=362  0\$aVol. 1, issue 1-
=500  \\$aTitle from title screen.
=530  \\$aAlso issued in print.
=540  \\$aCurrent Copyright Fee: GBP45.00$c0$5Uk
=588  \\$aLatest issue consulted: volume 28, issue 4 (Cambridge Scientific Publishers, viewed September 3, 2015).
=650  \0$aAstronomy$vPeriodicals.
=710  2\$aSoviet Astronomical Society.
=710  2\$aEuro-Asian Astronomical Society.
=776  1\$tAstronomical and astrophysical transactions$x1055-6796
=856  4\$uhttp://www.tandf.co.uk/journals/titles/10556796.asp
=856  40$uhttp://www.aaptr.com/
=852  41$aBritish Library$bDSC$j1749.790000$3Volume 24:Issue 1(2005)-Volume 26:Issue 6(2007)***See ESTAR for full holdings.
=945  \\$aAstronomical and astrophysical transactions
=959  \\$fHeld but not currently received
=985  \\$aInformation from Web: http://www.ripublication.com/aaptr.htm (viewed on 16 June 2011) : "Publisher: All business correspondence, enquires [sic] and subscription orders should be addressed to: Research India Publications Head office: B-2/84, Ground Floor, Rohini Sector-16, Delhi-110089 INDIA". No issues were available to view at the site. Catalogue record not updated - sf 16/06/2011.
=CAT  \\$a6550$b40$c20051210$lBLL01$h1044
=CAT  \\$aBATCH-UPD$b40$c20060901$lBLL01$h1031
=CAT  \\$a11249$b40$c20060918$lBLL01$h1053
=CAT  \\$aBATCH-UPD$b40$c20061122$lBLL01$h1117
=CAT  \\$aBATCH-UPD$b40$c20061229$lBLL01$h2020
=CAT  \\$aBATCH-UPD$b40$c20061229$lBLL01$h2108
=CAT  \\$aBATCH$b00$c20061229$lBLL01$h2156
=CAT  \\$aBATCH-UPD$b00$c20080221$lBLL01$h1442
=CAT  \\$aBATCH-UPD$b00$c20080330$lBLL01$h0810
=CAT  \\$aBATCH-UPD$b00$c20080330$lBLL01$h1605
=CAT  \\$aBATCH$b00$c20080330$lBLL01$h2305
=CAT  \\$a5552$b40$c20081114$lBLL01$h1430
=CAT  \\$a5552$b40$c20090112$lBLL01$h1147
=CAT  \\$a5552$b40$c20090403$lBLL01$h1331
=CAT  \\$a6811$b40$c20090604$lBLL01$h1151
=CAT  \\$aBATCH-UPD$b40$c20101201$lBLL01$h1250
=CAT  \\$aIPL-CLA$c20101231$lBLL01$h1517
=CAT  \\$a5552$b40$c20110106$lBLL01$h1109
=CAT  \\$a11316$b40$c20110616$lBLL01$h1248
=CAT  \\$a5552$b40$c20120104$lBLL01$h0911
=CAT  \\$aBATCH-CLA$b00$c20121109$lBLL01$h1728
=CAT  \\$aWR14_140$c20140905$lBLL01$h1810
=CAT  \\$a11316$b40$c20150903$lBLL01$h1026
=CAT  \\$a11316$b40$c20150903$lBLL01$h1043
=CAT  \\$a12654$b40$c20210831$lBLL01$h0855
=CAT  \\$a11205$b40$c20210914$lBLL01$h1620
=CAT  \\$aBATCH-FIX$c20230511$lBLL01$h1629
=CFI  0\$aCurrent Copyright Fee: GBP45.00$c0$e31-aug-2021$fGBP45.00$g0$hC$5Uk
=CFI  2\$aPrevious Copyright Fee: GBP25.00$c0$e01-jan-2012$fGBP25.00$g0$hC$5Uk
=EST  \\$a1
=FIN  \\$aY$d20051210
=MNI  \\$a1055-6796
=SID  \\$aZ39$bOCLC
=TCO  \\$aCLA$bCLA$c008
=TOC  \\$aETOC
=ACF  \\$aPrevious Copyright Fee: GBP21.28$c0$e01-apr-2009$fGBP21.28$g0$hC$5Uk
=ACF  \\$aCurrent Copyright Fee: GBP18.00$c0$e01-jan-2009$fGBP18.00$g0$hC$5Uk
=ACF  \\$aCurrent copyright fee: GBP6.00$c0$e14-nov-2008$fGBP6.00$g0$hA$5Uk
=ACF  \\$aCurrent copyright fee: GBP19.00$c2\0$e01-apr-2008$fGBP19.00$g0$hP$5Uk
=ACF  \\$aPrevious copyright fee: GBP20.00$c2\0$e01-jan-2007$fGBP20.00$g0$hP$5Uk
=ACF  \\$aPrevious copyright fee: GBP18.00$c2\0$e01-jan-2005$fGBP18.00$g0$hP$5Uk
=LAS  \\$aBATCH-FIX$b00$c20230511$lBLL01$h1629

