=LDR  03936 as a2200961 a 4500
=001  013357685
=003  Uk
=005  20110106141725.0
=006  m\\\\\\\\d\\\\\\\\
=007  cr|mnu||||||||
=008  020714c20009999enkqr\pss\\\\\0\\\a0eng\d
=FMT  \\$a  SE
=015  \\$aGBA605264$2bnb
=022  \\$a1477-2701
=037  \\$bTaylor & Francis, Inc., 11 New Fetter Lane, London EC4P 4EE, UK
=040  \\$aF#A$cF#A$dOCLCQ$dCOU$dUk
=042  \\$aukblsr
=082  04$a615.1$222
=130  0\$aPharmacy education (Online)
=222  \0$aPharmacy education
=245  10$aPharmacy education$h[electronic resource].
=260  \\$a[London] :$bHarwood Academic
=260  2\$a[London] :$bGordon and Breach
=260  2\$a[London] :$bTaylor & Francis
=260  2\$a[London] :$bInforma UK
=260  3\$a[The Hague] :$bInternational Pharmaceutical Federation
=310  \\$aQuarterly
=336  \\$atext$2rdacontent
=337  \\$acomputer$2rdamedia
=338  \\$aonline resource$2rdacarrier
=362  1\$aPrint began with vol. 1, no. 1, published in 2000.
=500  \\$aDescription based on: Vol. 1, no. 2 (2001); title from journal information screen (viewed July 8, 2002).
=530  \\$aAlso issued in print.
=538  \\$aMode of access: World Wide Web.
=540  \\$aCurrent copyright fee: GBP29.37$c0$5Uk
=650  \0$aPharmacy$xStudy and teaching$vPeriodicals.
=650  \0$aClinical pharmacology$xStudy and teaching$vPeriodicals.
=776  1\$tPharmacy education$x1560-2214
=856  40$uhttp://pharmacyeducation.fip.org/
=852  41$aBritish Library$bDSC$j6447.270000$3Volume 6:Issue 1(2006)-Volume 8:Issue 1(2008)***See ESTAR for full holdings.
=945  \\$aPharmacy education
=959  \\$fHeld but not currently received
=CAT  \\$a11281$b40$c20051211$lBLL01$h1619
=CAT  \\$aBATCH-UPD$b40$c20061229$lBLL01$h2109
=CAT  \\$aBATCH$b00$c20061229$lBLL01$h2156
=CAT  \\$aBATCH-UPD$b00$c20080221$lBLL01$h1443
=CAT  \\$aBATCH-UPD$b00$c20080330$lBLL01$h0810
=CAT  \\$aBATCH-UPD$b00$c20080330$lBLL01$h1605
=CAT  \\$aBATCH$b00$c20080330$lBLL01$h2305
=CAT  \\$aBATCH-UPD$b00$c20081119$lBLL01$h1514
=CAT  \\$aBATCH-UPD$b00$c20081231$lBLL01$h2322
=CAT  \\$aBATCH-UPD$b00$c20090101$lBLL01$h0054
=CAT  \\$aBATCH$b00$c20090101$lBLL01$h0230
=CAT  \\$aBATCH-UPD$b00$c20091118$lBLL01$h1241
=CAT  \\$aBATCH-UPD$b00$c20091231$lBLL01$h1811
=CAT  \\$aBATCH-UPD$b00$c20091231$lBLL01$h1830
=CAT  \\$aBATCH$b00$c20091231$lBLL01$h1850
=CAT  \\$a8464$b40$c20100706$lBLL01$h0824
=CAT  \\$a8323$b40$c20100818$lBLL01$h1624
=CAT  \\$a8323$b40$c20100819$lBLL01$h0731
=CAT  \\$a8323$b40$c20100819$lBLL01$h0734
=CAT  \\$a8323$b40$c20100915$lBLL01$h0804
=CAT  \\$a5552$b40$c20101025$lBLL01$h1428
=CAT  \\$aBATCH-UPD$b40$c20101201$lBLL01$h1250
=CAT  \\$aIPL-CLA$c20101231$lBLL01$h1517
=CAT  \\$a5552$b40$c20110106$lBLL01$h1417
=CAT  \\$aBATCH-CLA$b00$c20121109$lBLL01$h1728
=CAT  \\$aWR12_168$c20121206$lBLL01$h1816
=CFI  0\$aCurrent Copyright Fee: GBP29.37$c0$e01-jan-2011$fGBP29.37$g0$hC$5Uk
=CFI  2\$aPrevious Copyright Fee: GBP29.37$c0$e01-oct-2010$fGBP29.37$g0$hC$5Uk
=EST  \\$a1
=FIN  \\$aY$d20051211
=MNI  \\$a1560-2214
=SID  \\$aZ39$bOCLC
=TCO  \\$aCLA$bCLA$c008
=TOC  \\$aETOC
=ACF  \\$aCurrent copyright fee: GBP9.00$c0$e06-jul-2010$fGBP9.00$g0$hA$5Uk
=ACF  \\$aCurrent copyright fee: GBP21.00$c2\0$e01-jan-2010$fGBP21.00$g0$hP$5Uk
=ACF  \\$aPrevious copyright fee: GBP20.00$c2\0$e01-jan-2009$fGBP20.00$g0$hP$5Uk
=ACF  \\$aPrevious copyright fee: GBP19.00$c2\0$e01-apr-2008$fGBP19.00$g0$hP$5Uk
=ACF  \\$aPrevious copyright fee: GBP20.00$c2\0$e01-jan-2007$fGBP20.00$g0$hP$5Uk
=ACF  \\$aPrevious Copyright Fee: GBP18.00$c0$e01-oct-2005$fGBP18.00$g0$hC$5Uk
=LAS  \\$aWR12_168$b00$c20121206$lBLL01$h1816

