=LDR  04313 as a2200997 a 4500
=001  013363687
=003  Uk
=005  20110106142909.0
=006  m\\\\\\\\d\\\\\\\\
=007  cr\mnu\\\\\\\\
=008  030424c20019999enkqr\pss\\\\\0\\\a0eng\d
=FMT  \\$a  SE
=010  \\$a2004263025
=015  \\$aGBA607381$2bnb
=022  0\$a1743-8950$202
=037  \\$bTaylor & Francis, Inc., 11 New Fetter Lane, London EC4P 4EE, UK
=040  \\$aF#A$cF#A$dOCLCQ$dTXA$dFQM$dOCLCQ$dUk
=042  \\$aukblsr$aissnuk
=050  14$aRG527.5.U48$bU493
=082  04$a618.207543$222
=130  0\$aUltrasound review of obstetrics and gynecology (Online)
=210  0\$aUltrasound rev. obstet. gynecol.$b(Online)
=222  \4$aThe ultrasound review of obstetrics & gynecology$b(Online)
=245  14$aThe ultrasound review of obstetrics and gynecology$h[electronic resource].
=260  \\$a[London] :$bParthenon
=310  \\$aQuarterly
=336  \\$atext$2rdacontent
=337  \\$acomputer$2rdamedia
=338  \\$aonline resource$2rdacarrier
=362  1\$aPrint began with vol. 1, no. 1 (Mar. 2001).
=500  \\$aDescription based on: Vol. 4, no. 1 (Mar. 2004); title from issue table of contents (MetaPress, viewed Nov. 18, 2004).
=530  \\$aAlso issued in print.
=538  \\$aMode of access: World Wide Web.
=540  \\$aCurrent copyright fee: GBP29.37$c0$5Uk
=650  \0$aUltrasonics in obstetrics$vPeriodicals.
=650  \0$aFetus$xDiseases$xDiagnosis$vPeriodicals.
=650  \0$aFetus$xUltrasonic imaging$vPeriodicals.
=650  \0$aGenerative organs, Female$xUltrasonic imaging$vPeriodicals.
=776  1\$tUltrasound review of obstetrics and gynecology$x1472-2240
=856  40$uhttp://www.tandf.co.uk/journals/titles/14722240.asp
=852  41$aBritish Library$bDSC$j9082.815570$3Volume 6:Issue 1/2(2006)-Volume 6:Issue 3/4(2006)***See ESTAR for full holdings.
=945  \\$aULTRASOUND REVIEW OF OBSTETRICS AND GYNECOLOGY.
=959  \\$fCurrently received
=CAT  \\$a11281$b40$c20051219$lBLL01$h0945
=CAT  \\$aBATCH-UPD$b40$c20061229$lBLL01$h2021
=CAT  \\$aBATCH-UPD$b40$c20061229$lBLL01$h2109
=CAT  \\$aBATCH$b00$c20061229$lBLL01$h2156
=CAT  \\$a6537$b40$c20070118$lBLL01$h1135
=CAT  \\$aISSN$b40$c20070221$lBLL01$h1136
=CAT  \\$aBATCH-UPD$b40$c20080221$lBLL01$h1443
=CAT  \\$aBATCH-UPD$b40$c20080330$lBLL01$h0811
=CAT  \\$aBATCH-UPD$b40$c20080330$lBLL01$h1605
=CAT  \\$aBATCH$b00$c20080330$lBLL01$h2306
=CAT  \\$a5552$b40$c20081117$lBLL01$h0926
=CAT  \\$a5552$b40$c20090112$lBLL01$h1336
=CAT  \\$a5552$b40$c20090114$lBLL01$h1455
=CAT  \\$a5552$b40$c20090403$lBLL01$h1357
=CAT  \\$a5552$b40$c20090701$lBLL01$h1534
=CAT  \\$aBATCH-UPD$b40$c20090701$lBLL01$h2016
=CAT  \\$aBATCH-UPD$b40$c20090701$lBLL01$h2042
=CAT  \\$aBATCH$b00$c20090701$lBLL01$h2103
=CAT  \\$a5552$b40$c20091001$lBLL01$h1616
=CAT  \\$a5552$b40$c20100128$lBLL01$h0859
=CAT  \\$a5552$b40$c20100128$lBLL01$h0900
=CAT  \\$aBATCH-UPD$b40$c20101201$lBLL01$h1250
=CAT  \\$aIPL-CLA$c20101231$lBLL01$h1517
=CAT  \\$a5552$b40$c20110106$lBLL01$h1429
=CAT  \\$aBATCH-CLA$b00$c20121109$lBLL01$h1727
=CAT  \\$aWR13.005$c20130323$lBLL01$h1337
=CFI  0\$aCurrent Copyright Fee: GBP29.37$c0$e01-jan-2011$fGBP29.37$g0$hC$5Uk
=CFI  2\$aPrevious Copyright Fee: GBP29.37$c0$e28-Jan-2010$fGBP29.37$g0$hC$5Uk
=EST  \\$a1
=FIN  \\$aY$d20051219
=MNI  \\$a1472-2240
=SID  \\$aZ39$bOCLC
=TCO  \\$aCLA$bCLA$c008
=TOC  \\$aETOC
=ACF  \\$aCurrent Copyright Fee: GBP58.75$c0$e01-oct-2009$fGBP58.75$g0$hC$5Uk
=ACF  \\$aCurrent Copyright Fee: GBP29.37$c0$e01-jul-2009$fGBP29.37$g0$hC$5Uk
=ACF  \\$aPrevious Copyright Fee: GBP21.28$c0$e01-apr-2009$fGBP21.28$g0$hC$5Uk
=ACF  \\$aCurrent Copyright Fee: GBP18.00$c0$e12-jan-2009$fGBP18.00$g0$hC$5Uk
=ACF  \\$aCurrent copyright fee: GBP6.00$c0$e17-nov-2008$fGBP6.00$g0$hA$5Uk
=ACF  \\$aCurrent copyright fee: GBP19.00$c2\0$e01-apr-2008$fGBP19.00$g0$hP$5Uk
=ACF  \\$aPrevious copyright fee: GBP20.00$c2\0$e01-jan-2007$fGBP20.00$g0$hP$5Uk
=ACF  \\$aPrevious copyright fee: GBP18.00$c2\0$e01-jan-2005$fGBP18.00$g0$hP$5Uk
=LAS  \\$aWR13.005$b00$c20130323$lBLL01$h1337

