=LDR  04694cas a2201045 a 4500
=001  013451874
=003  Uk
=005  20221231144733.0
=006  m\\\\\\\\d\|\\\\\\
=007  cr\|||||||||||
=008  060420c20069999enkfr\p\s\\\\\0\\\a0eng\\
=FMT  \\$a  SE
=015  \\$aGBA641555$2bnb
=022  0\$a1748-684X$202
=040  \\$aUk$beng$cUk
=042  \\$aukblsr$aissnuk
=082  04$a361$222
=130  0\$aJournal of comparative social welfare (Online)
=222  \0$aJournal of comparative social welfare$b(Online)
=245  10$aJournal of comparative social welfare$h[electronic resource].
=260  \\$aAbingdon :$bRoutledge,$c2006-
=310  \\$aTwo issues yearly
=336  \\$atext$2rdacontent
=337  \\$acomputer$2rdamedia
=338  \\$aonline resource$2rdacarrier
=362  0\$aVol. 22, no. 1 (Apr. 2006)-
=500  \\$aTitle from table of contents page (viewed Apr. 19, 2006, Taylor & Francis site).
=530  \\$aAlso issued in print.
=538  \\$aMode of access: World Wide Web.
=540  \\$aCurrent Copyright Fee: GBP25.00$c0$5Uk
=650  \0$aSocial service$vPeriodicals.
=650  \0$aSocial policy$vPeriodicals.
=650  \0$aSocial planning$vPeriodicals.
=690  7\$aSocial Welfare$2blcoll
=776  0\$tJournal of comparative social welfare$c(Print)$x1748-6831
=856  40$uhttp://www.tandfonline.com/loi/rjcs21
=852  41$aBritish Library$bDSC$j4963.330000$3Volume 22:Issue 1(2006)-Volume 27:Issue 3(2011)***See ESTAR for full holdings.
=945  \\$aJournal of comparative social welfare
=959  \\$fHeld but not currently received
=CAT  \\$a3072$b40$c20060420$lBLL01$h1426
=CAT  \\$aIPL-CLA$c20130102$lBLL01$h1745
=CAT  \\$aBATCH-UPD$b00$c20131119$lBLL01$h2000
=CAT  \\$aIPL-CLA$c20140101$lBLL01$h0003
=CAT  \\$aWR14_140$c20140905$lBLL01$h1811
=CAT  \\$aBATCH-UPD$b00$c20141124$lBLL01$h1803
=CAT  \\$aBLDSS-3PM$b00$c20141130$lBLL01$h1249
=CAT  \\$aIPL-CLA$c20141231$lBLL01$h1654
=CAT  \\$aBATCH-UPD$b00$c20151119$lBLL01$h1544
=CAT  \\$aIPL-CLA$c20151231$lBLL01$h1924
=CAT  \\$aBATCH-UPD$b00$c20161122$lBLL01$h1513
=CAT  \\$aBATCH-UPD$b00$c20161122$lBLL01$h1616
=CAT  \\$a10806$b40$c20161130$lBLL01$h0937
=CAT  \\$aIPL-CLA$c20161230$lBLL01$h2156
=CAT  \\$aBATCH-UPD$b00$c20171121$lBLL01$h1648
=CAT  \\$aIPL-CLA$c20171231$lBLL01$h1654
=CAT  \\$aBATCH-UPD$b00$c20181217$lBLL01$h1638
=CAT  \\$aIPL-CLA$c20181231$lBLL01$h1544
=CAT  \\$aBATCH-UPD$b00$c20191122$lBLL01$h1900
=CAT  \\$aIPL-CLA$c20191231$lBLL01$h1939
=CAT  \\$aBATCH-UPD$b00$c20201118$lBLL01$h1334
=CAT  \\$aIPL-CLA$c20201231$lBLL01$h1530
=CAT  \\$a5552$b40$c20210514$lBLL01$h1223
=CAT  \\$aDEL-3PM$c20210517$lBLL01$h1025
=CAT  \\$aBATCH-CLA$b00$c20221221$lBLL01$h1847
=CAT  \\$aIPL-CLA$c20221231$lBLL01$h1447
=CFI  0\$aCurrent Copyright Fee: GBP25.00$c0$e01-jan-2023$fGBP25.00$g0$hA$5Uk
=CFI  2\$aPrevious copyright fee: GBP22.50$c0$e14-may-2021$fGBP22.50$g0$hA$5Uk
=EST  \\$a1
=FIN  \\$aY$d20060420
=MNI  \\$a1748-6831
=TCO  \\$aCLA$bCLA$c008
=TOC  \\$aETOC
=ACF  \\$aPrevious copyright fee: GBP17.00$c2\0$e01-jan-2010$fGBP17.00$g0$hP$5Uk
=ACF  \\$aPrevious copyright fee: GBP16.00$c2\0$e01-jan-2009$fGBP16.00$g0$hP$5Uk
=ACF  \\$aPrevious copyright fee: GBP15.00$c2\0$e01-apr-2008$fGBP15.00$g0$hP$5Uk
=ACF  \\$aPrevious copyright fee: GBP16.00$c2\0$e01-jan-2007$fGBP16.00$g0$hP$5Uk
=ACF  \\$aPrevious Copyright Fee: GBP13.00$c2\0$e05-may-2006$fGBP13.00$g0$hP$5Uk
=ACF  \\$aPrevious Copyright Fee: GBP13.00$c0$e01-apr-2006$fGBP13.00$g0$hC$5Uk
=ACF  \\$aPrevious copyright fee: GBP21.00$c2\0$e01-jan-2011$fGBP21.00$g0$hP$5Uk
=ACF  \\$aPrevious copyright fee: GBP23.00$c2\0$e01-jan-2012$fGBP23.00$g0$hP$5Uk
=ACF  \\$aPrevious copyright fee: GBP23.50$c2\0$e01-jan-2013$fGBP23.50$g0$hP$5Uk
=ACF  \\$aPrevious copyright fee: GBP24.00$c2\0$e01-jan-2014$fGBP24.00$g0$hP$5Uk
=ACF  \\$aPrevious copyright fee: GBP25.00$c2\0$e01-jan-2015$fGBP25.00$g0$hP$5Uk
=ACF  \\$aPrevious copyright fee: GBP26.00$c2\0$e01-jan-2016$fGBP26.00$g0$hP$5Uk
=ACF  \\$aPrevious copyright fee: GBP28.00$c2\0$e01-jan-2017$fGBP28.00$g0$hP$5Uk
=ACF  \\$aPrevious copyright fee: GBP30.00$c2\0$e01-jan-2018$fGBP30.00$g0$hP$5Uk
=ACF  \\$aPrevious copyright fee: GBP32.00$c2\0$e01-jan-2019$fGBP32.00$g0$hP$5Uk
=ACF  \\$aPrevious copyright fee: GBP35.00$c2\0$e01-jan-2021$fGBP35.00$g0$hP$5Uk
=ACF  \\$aPrevious copyright fee: GBP34.00$c2\0$e01-jan-2020$fGBP34.00$g0$hP$5Uk
=LAS  \\$aIPL-CLA$b00$c20221231$lBLL01$h1447

