=LDR  04689cas a2201069 a 4500
=001  013544938
=003  Uk
=005  20230511162917.0
=006  m\\\\\\\\d\\\\\\\\
=007  cr\cnu||||||||
=008  070709c20089999enktr\p\s\\\\\0\\\\0eng\\
=FMT  \\$a  SE
=010  \\$a2007213158
=015  \\$aGBA8C7579$2bnb
=022  0\$a1752-3273
=035  \\$a(OCoLC)153933009
=040  \\$aNSD$cNSD$dSBH$dUk
=042  \\$aukblsr
=050  10$aISSN RECORD
=082  04$a362.2905$222
=130  0\$aMental health and substance use (Online)
=222  \0$aMental health and substance use$b(Online)
=245  10$aMental health and substance use$h[electronic resource] :$bdual diagnosis.
=260  \\$a[Abingdon] :$bRoutledge,$c2008-
=310  \\$aThree times yearly
=336  \\$atext$2rdacontent
=337  \\$acomputer$2rdamedia
=338  \\$aonline resource$2rdacarrier
=362  1\$aBegan with vol. 1, no. 1 (Feb. 2008).
=500  \\$aDescription based on first issue; title from thumbnail cover (informaworld, viewed Sept. 16, 2008).
=500  \\$aLatest issue consulted: vol. 1, no. 2 (June 2008) (viewed Sept. 16, 2008).
=540  \\$aCurrent copyright fee: GBP45.00$c0$5Uk
=650  \0$aSubstance abuse$vPeriodicals.
=650  \0$aAlcoholism$vPeriodicals.
=650  \0$aDual diagnosis$vPeriodicals.
=650  \0$aAddicts$vPeriodicals.
=650  \0$aMental health services$vPeriodicals.
=690  7\$aSocial Welfare$2blcoll
=776  0\$tMental health and substance use$x1752-3281
=856  40$uhttp://www.informaworld.com/openurl?genre=journal&issn=1752-3281
=852  41$aBritish Library$bDSC$j5678.580525$3Volume 1:Issue 1(2008)-Volume 4:Issue 4(2011)***See ESTAR for full holdings.
=945  \\$aMental health and substance use
=959  \\$fHeld but not currently received
=985  \\$aISSN responsibility transferred to the United States ISSN Centre June 2007 (Multinational Publisher Agreement).
=CAT  \\$a11439$b40$c20060904$lBLL01$h1048
=CAT  \\$aBATCH-CLA$b00$c20121109$lBLL01$h1726
=CAT  \\$aBATCH-UPD$b00$c20121121$lBLL01$h1613
=CAT  \\$aIPL-CLA$c20121231$lBLL01$h1321
=CAT  \\$aIPL-CLA$c20130102$lBLL01$h1747
=CAT  \\$aBATCH-UPD$b00$c20131119$lBLL01$h2000
=CAT  \\$aIPL-CLA$c20140101$lBLL01$h0007
=CAT  \\$a6550$b40$c20140122$lBLL01$h1226
=CAT  \\$aBATCH-UPD$b40$c20141124$lBLL01$h1803
=CAT  \\$aBLDSS-3PM$b00$c20141130$lBLL01$h1249
=CAT  \\$aIPL-CLA$c20141231$lBLL01$h1654
=CAT  \\$aBATCH-UPD$b00$c20151119$lBLL01$h1544
=CAT  \\$aIPL-CLA$c20151231$lBLL01$h1924
=CAT  \\$aBATCH-UPD$b00$c20161122$lBLL01$h1513
=CAT  \\$aBATCH-UPD$b00$c20161122$lBLL01$h1617
=CAT  \\$aIPL-CLA$c20161230$lBLL01$h2202
=CAT  \\$aBATCH-UPD$b00$c20171121$lBLL01$h1648
=CAT  \\$aIPL-CLA$c20171231$lBLL01$h1657
=CAT  \\$aBATCH-UPD$b00$c20181217$lBLL01$h1638
=CAT  \\$aIPL-CLA$c20181231$lBLL01$h1544
=CAT  \\$aBATCH-UPD$b00$c20191122$lBLL01$h1901
=CAT  \\$aIPL-CLA$c20191231$lBLL01$h1941
=CAT  \\$aBATCH-UPD$b00$c20201118$lBLL01$h1334
=CAT  \\$aIPL-CLA$c20201231$lBLL01$h1530
=CAT  \\$a12654$b40$c20220525$lBLL01$h0742
=CAT  \\$aDEL-3PM$c20220613$lBLL01$h0801
=CAT  \\$aBATCH-FIX$c20230511$lBLL01$h1629
=CFI  0\$aCurrent copyright fee: GBP45.00$c0$e25-may-2022$fGBP45.00$g0$hC$5Uk
=CFI  2\$aPrevious copyright fee: GBP35.00$c2\0$e01-jan-2021$fGBP35.00$g0$hP$5Uk
=EST  \\$a1
=FIN  \\$aY$d20081106
=MNI  \\$a1752-3281
=SID  \\$aZ39$bOCLC
=TCO  \\$aCLA$bCLA$c008
=TOC  \\$aETOC
=ACF  \\$aPrevious copyright fee: GBP34.00$c2\0$e01-jan-2020$fGBP34.00$g0$hP$5Uk
=ACF  \\$aPrevious copyright fee: GBP17.00$c2\0$e21-jan-2010$fGBP17.00$g0$hP$5Uk
=ACF  \\$aCurrent copyright fee: GBP12.50$c2\0$e28-oct-2008$fGBP12.50$g0$hP$5Uk
=ACF  \\$aPrevious copyright fee: GBP21.00$c2\0$e01-jan-2011$fGBP21.00$g0$hP$5Uk
=ACF  \\$aPrevious copyright fee: GBP23.00$c2\0$e01-jan-2012$fGBP23.00$g0$hP$5Uk
=ACF  \\$aPrevious copyright fee: GBP23.50$c2\0$e01-jan-2013$fGBP23.50$g0$hP$5Uk
=ACF  \\$aPrevious copyright fee: GBP24.00$c2\0$e01-jan-2014$fGBP24.00$g0$hP$5Uk
=ACF  \\$aPrevious copyright fee: GBP25.00$c2\0$e01-jan-2015$fGBP25.00$g0$hP$5Uk
=ACF  \\$aPrevious copyright fee: GBP26.00$c2\0$e01-jan-2016$fGBP26.00$g0$hP$5Uk
=ACF  \\$aPrevious copyright fee: GBP28.00$c2\0$e01-jan-2017$fGBP28.00$g0$hP$5Uk
=ACF  \\$aPrevious copyright fee: GBP30.00$c2\0$e01-jan-2018$fGBP30.00$g0$hP$5Uk
=ACF  \\$aPrevious copyright fee: GBP32.00$c2\0$e01-jan-2019$fGBP32.00$g0$hP$5Uk
=LAS  \\$aBATCH-FIX$b00$c20230511$lBLL01$h1629

