=LDR  04323cas a2200985 a 4500
=001  013549753
=003  Uk
=005  20221231144751.0
=006  m\\\\\\\\d\\\\\\\\
=007  cr\|||||||||||
=008  060908d19732007gw\qr\p\s\\\\\0\\\a0ger\\
=FMT  \\$a  SE
=022  0\$a1862-2550$y0340-918X$202
=040  \\$aUk$beng$cUk$dUk
=041  0\$ager$beng
=042  \\$aukblsr
=082  04$a301$222
=130  0\$aSoziologie (Online)
=222  \0$aSoziologie$b(Wiesbaden. Internet)
=245  10$aSoziologie$h[electronic resource].
=260  \\$a[Wiesbaden] :$bVerlag für Sozialwissenschaften
=310  \\$aQuarterly
=336  \\$atext$2rdacontent
=337  \\$acomputer$2rdamedia
=338  \\$aonline resource$2rdacarrier
=362  1\$aPrint began in 1973.
=546  \\$aGerman text; English abstracts.
=538  \\$aMode of access: Internet.
=500  \\$aDescription based on: Vol. 36, no. 4 (Dec. 2007); title from table of contents page (SpringerLink, viewed Sept. 15, 2010).
=540  \\$aCurrent Copyright Fee: GBP25.00$c0$5Uk
=650  \0$aSociology$vPeriodicals.
=650  \0$aSociology$zGermany$vPeriodicals.
=776  0\$tSoziologie$x0340-918X
=856  40$uhttp://www.springerlink.com/content/120462
=856  40$uhttp://www.vsjournals.de/index.php;do=viewmag/sid=4f2ae1993232df7fef6f008e2d66b342/site=soz/lng=de/area=soz/id=3/alloc=155
=852  \\$aBritish Library$bDSC$j8361.216200$3Volume 34:Issue 1(2005)-Volume 36:Issue 4(2007)***See ESTAR for full holdings.
=945  \\$aSoziologie -Stuttgart-
=959  \\$fHeld but not currently received
=CAT  \\$a7174$b40$c20060908$lBLL01$h1141
=CAT  \\$a8323$b40$c20100915$lBLL01$h0957
=CAT  \\$a8323$b40$c20100915$lBLL01$h1104
=CAT  \\$a8323$b40$c20100915$lBLL01$h1152
=CAT  \\$aBATCH-UPD$b40$c20101124$lBLL01$h1948
=CAT  \\$aBATCH-UPD$b40$c20101125$lBLL01$h1214
=CAT  \\$aWR10_164$c20101215$lBLL01$h1511
=CAT  \\$aIPL-CLA$c20101231$lBLL01$h1520
=CAT  \\$aWR11_203$c20111204$lBLL01$h1511
=CAT  \\$aIPL-CLA$c20111230$lBLL01$h2025
=CAT  \\$aBATCH-CLA$b00$c20121109$lBLL01$h1726
=CAT  \\$aBATCH-CLA$c20131220$lBLL01$h2039
=CAT  \\$aIPL-CLA$c20140101$lBLL01$h0008
=CAT  \\$aBATCH-CLA$b00$c20140125$lBLL01$h1305
=CAT  \\$aBATCH-CLA$c20140225$lBLL01$h2327
=CAT  \\$aBATCH-CLA$b00$c20161222$lBLL01$h1811
=CAT  \\$aIPL-CLA$c20161230$lBLL01$h2202
=CAT  \\$aBATCH-CLA$b00$c20171222$lBLL01$h2133
=CAT  \\$aIPL-CLA$c20171231$lBLL01$h1657
=CAT  \\$aBATCH-CLA$b00$c20191219$lBLL01$h1737
=CAT  \\$aIPL-CLA$c20191231$lBLL01$h1941
=CAT  \\$aR2001-1524$c20200127$lBLL01$h2018
=CAT  \\$aBATCH-CLA$b00$c20201204$lBLL01$h1539
=CAT  \\$aIPL-CLA$c20201231$lBLL01$h1530
=CAT  \\$aBATCH-CLA$b00$c20221221$lBLL01$h1849
=CAT  \\$aIPL-CLA$c20221231$lBLL01$h1447
=CFI  0\$aCurrent Copyright Fee: GBP25.00$c0$e01-jan-2023$fGBP25.00$g0$hA$5Uk
=CFI  2\$aPrevious Copyright Fee: GBP22.50$c0$e01-jan-2021$fGBP22.50$g0$hA$5Uk
=EST  \\$a1
=FIN  \\$aY$d20100915
=MNI  \\$a0340-918X
=TCO  \\$aDEU$bVG WORT$c008
=TOC  \\$aETOC
=ACF  \\$aPrevious copyright fee: GBP9.00$c0$e01-jan-2010$fGBP9.00$g0$hA$5Uk
=ACF  \\$aPrevious copyright fee: GBP6.00$c0$e18-nov-2009$fGBP6.00$g0$hA$5Uk
=ACF  \\$aCurrent copyright fee: GBP22.00$c13\2$e01-apr-2009$fGBP22.00$g0$hP$5Uk
=ACF  \\$aPrevious copyright fee: GBP21.25$c13\2$e01-jan-2009$fGBP21.25$g0$hP$5Uk
=ACF  \\$aPrevious copyright fee: GBP16.75$c13\2$e01-jan-2007$fGBP16.75$g0$hP$5Uk
=ACF  \\$aPrevious Copyright Fee: GBP16.22$c13\2$e01-oct-2006$fGBP16.22$g0$hP$5Uk
=ACF  \\$aPrevious Copyright Fee: GBP17.14$c13\2$e08-sep-2006$fGBP17.14$g0$hP$5Uk
=ACF  \\$aPrevious copyright fee: GBP10.50$c0$e01-jan-2011$fGBP10.50$g0$hA$5Uk
=ACF  \\$aPrevious copyright fee: GBP12.00$c0$e01-jan-2012$fGBP12.00$g0$hA$5Uk
=ACF  \\$aPrevious Copyright Fee: GBP12.30$c0$e01-jan-2014$fGBP12.30$g0$hA$5Uk
=ACF  \\$aPrevious Copyright Fee: GBP15.00$c0$e01-jan-2017$fGBP15.00$g0$hA$5Uk
=ACF  \\$aPrevious Copyright Fee: GBP17.50$c0$e01-jan-2018$fGBP17.50$g0$hA$5Uk
=ACF  \\$aPrevious Copyright Fee: GBP20.00$c0$e01-jan-2020$fGBP20.00$g0$hA$5Uk
=LAS  \\$aIPL-CLA$b00$c20221231$lBLL01$h1447

