=LDR  05309cas a2201129 i 4500
=001  013560537
=003  Uk
=005  20231010080610.0
=006  m\\\\\\\\d\\\\\\\\
=007  cr\|||||||||||
=008  060922c19929999gw\qr\p\s\\\\\0\\\a0eng\\
=FMT  \\$a  SE
=022  \\$a1896-3757
=040  \\$aUk$beng$cUk$dUk$erda
=042  \\$aukblsr
=082  04$a621.381045$223
=210  0\$aOpto-Electron. Rev.$b(Online)
=222  \0$aOpto-Electronics Review$b(Online)
=245  00$aOpto-electronics review.
=246  30$aOptoelectronics review
=260  \\$aBerlin :$bDe Gruyter
=264  21$aVienna :$bSpringer Vienna
=264  31$32015-$a[Berlin?] :$bDe Gruyter
=310  \\$aQuarterly,$b2016-
=336  \\$atext$2rdacontent
=337  \\$acomputer$2rdamedia
=338  \\$aonline resource$2rdacarrier
=362  1\$aPrint began in 1992.
=500  \\$aTitle from title screen via ESTAR.
=550  \\$aJournal of the Association of Polish Electrical Engineers (SEP) in cooperation with the Military University of Technology.
=588  \\$aDescription based on: volume 14, issue 1 (March 2006); title from journal title page (SpringerLink, viewed October 9, 2013).
=588  \\$aLatest issue consulted: Volume 24, issue 3 (September 2016) (De Gruyter Open, viewed October 20, 2016).
=540  \\$aCurrent Copyright Fee: GBP34.00$c0$5Uk
=650  \0$aOptoelectronic devices$vPeriodicals.
=710  1\$aAssociation of Polish Electrical Engineers,$eissuing body.
=776  08$iAlso issued in print as:$tOpto-electronics review$x1230-3402
=856  40$uhttp://link.springer.com/journal/11772
=856  40$uhttps://www.degruyter.com/view/j/oere?format=PAP
=852  \\$aBritish Library$bDSC$j6275.720800$3Volume 14:Issue 1(2006)-Volume 22:Issue 4(2014)***See ESTAR for full holdings.
=945  \\$aOptoelectronics review
=959  \\$fHeld but not currently received
=CAT  \\$a7174$b40$c20060922$lBLL01$h1651
=CAT  \\$aIPL-CLA$c20150331$lBLL01$h1646
=CAT  \\$aBATCH-UPD$b00$c20150520$lBLL01$h1938
=CAT  \\$aIPL-CLA$c20150630$lBLL01$h1652
=CAT  \\$aBATCH-UPD$b00$c20150820$lBLL01$h2007
=CAT  \\$aIPL-CLA$c20150930$lBLL01$h1814
=CAT  \\$a8439$b40$c20151127$lBLL01$h1622
=CAT  \\$a8439$b40$c20151127$lBLL01$h1626
=CAT  \\$a8439$b40$c20151127$lBLL01$h1630
=CAT  \\$a5552$b40$c20151208$lBLL01$h1350
=CAT  \\$a5552$b40$c20160105$lBLL01$h0928
=CAT  \\$aBATCH-UPD$b40$c20160524$lBLL01$h2241
=CAT  \\$aBATCH-UPD$b40$c20160525$lBLL01$h0451
=CAT  \\$a8124$b40$c20161020$lBLL01$h1515
=CAT  \\$a5552$b40$c20170629$lBLL01$h1434
=CAT  \\$aBATCH-UPD$b40$c20171121$lBLL01$h1746
=CAT  \\$aIPL-CLA$c20171231$lBLL01$h1658
=CAT  \\$aBATCH-UPD$b00$c20190521$lBLL01$h1438
=CAT  \\$aIPL-CLA$c20190630$lBLL01$h1536
=CAT  \\$a5552$b40$c20191129$lBLL01$h1203
=CAT  \\$aIPL-CLA$c20191231$lBLL01$h1941
=CAT  \\$aDEL-3PM$c20200108$lBLL01$h0853
=CAT  \\$aBATCH-CLA$b00$c20201204$lBLL01$h1539
=CAT  \\$aIPL-CLA$c20201231$lBLL01$h1530
=CAT  \\$aBATCH-CLA$b00$c20221221$lBLL01$h1849
=CAT  \\$aIPL-CLA$c20221231$lBLL01$h1447
=CAT  \\$a12654$b40$c20231010$lBLL01$h0804
=CAT  \\$a12654$b40$c20231010$lBLL01$h0804
=CAT  \\$a12654$b40$c20231010$lBLL01$h0806
=CFI  0\$aCurrent Copyright Fee: GBP34.00$c0$e10-oct-2023$fGBP34.00$g0$hC$5Uk
=CFI  2\$aPrevious Copyright Fee: GBP25.00$c0$e01-jan-2023$fGBP25.00$g0$hA$5Uk
=CFI  2\$aPrevious Copyright Fee: GBP22.50$c0$e01-jan-2021$fGBP22.50$g0$hA$5Uk
=EST  \\$a1
=FIN  \\$aY$d20131009
=LKR  \\$aPAR$b007183926$lBLL01$nOpto-electronics review (Print)$mOpto-electronics review (Online)$r776
=MNI  \\$a1230-3402
=TCO  \\$aXXX$c008
=TOC  \\$aETOC
=ACF  \\$aPrevious copyright fee: GBP21.25$c4\9$e01-jan-2009$fGBP21.25$g0$hP$5Uk
=ACF  \\$aPrevious copyright fee: GBP16.75$c4\9$e01-jan-2007$fGBP16.75$g0$hP$5Uk
=ACF  \\$aPrevious Copyright Fee: GBP16.22$c4\9$e01-oct-2006$fGBP16.22$g0$hP$5Uk
=ACF  \\$aPrevious Copyright Fee: GBP17.14$c4\9$e22-sep-2006$fGBP17.14$g0$hP$5Uk
=ACF  \\$aPrevious copyright fee: GBP22.00$c4\9$e01-apr-2009$fGBP22.00$g0$hP$5Uk
=ACF  \\$aPrevious copyright fee: GBP22.00$c4\9$e12-aug-2012$fGBP22.00$g0$hP$5Uk
=ACF  \\$aPrevious copyright fee: GBP25.00$c4\9$e01-jan-2013$fGBP25.00$g0$hP$5Uk
=ACF  \\$aPrevious copyright fee: GBP25.77$c4\9$e01-jul-2013$fGBP25.77$g0$hP$5Uk
=ACF  \\$aPrevious copyright fee: GBP24.97$c4\9$e01-jan-2014$fGBP24.97$g0$hP$5Uk
=ACF  \\$aPrevious copyright fee: GBP24.21$c4\9$e01-jul-2014$fGBP24.21$g0$hP$5Uk
=ACF  \\$aPrevious copyright fee: GBP25.77$c4\9$e01-apr-2015$fGBP25.77$g0$hP$5Uk
=ACF  \\$aPrevious copyright fee: GBP27.00$c56\0$e27-nov-2015$fGBP27.00$g0$hP$5Uk
=ACF  \\$aPrevious copyright fee: GBP26.63$c4\9$e01-jul-2015$fGBP26.63$g0$hP$5Uk
=ACF  \\$aPrevious copyright fee: GBP22.50$c5\1$e29-jun-2017$fGBP22.50$g0$hP$5Uk
=ACF  \\$aPrevious copyright fee: GBP23.40$c5\1$e01-jan-2018$fGBP23.40$g0$hP$5Uk
=ACF  \\$aPrevious copyright fee: GBP32.84$c5\1$e01-jul-2019$fGBP32.84$g0$hP$5Uk
=ACF  \\$aPrevious Copyright Fee: GBP20.00$c0$e01-jan-2020$fGBP20.00$g0$hA$5Uk
=LAS  \\$a12654$b40$c20231010$lBLL01$h0806

