=LDR  03635cas a2200805 i 4500
=001  016631792
=003  Uk
=005  20230511163059.0
=006  m\\\\\\\\d\\\\\\\\
=007  cr\|||||||||||
=008  140218c20089999sp\qr\p\s\\\\\0\\\a0eng\\
=FMT  \\$a  SE
=022  \\$a1989-0389$y1888-4008
=040  \\$aUk$beng$cUk$erda
=042  \\$aukblsr
=082  04$a616.07$223
=222  \0$aRevista del laboratorio clínico$b(Internet)
=245  00$aRevista del laboratorio clínico.
=264  \1$aBarcelona :$bElsevier Doyma,$c2008-
=336  \\$atext$2rdacontent
=337  \\$acomputer$2rdamedia
=338  \\$aonline resource$2rdacarrier
=362  0\$aVolume 1, number 1 (enero/marzo 2008)-
=500  \\$aTitle from PDF editorial caption (ScienceDirect, viewed April 29, 2014).
=580  \\$aPrint is a merger of: Revista de diagnóstico biológico, Análisis clínicos, Química clínica (1994).
=588  \\$aLatest issue consulted: volume 6, issue 4 (October/ December 2013) (viewed April 29, 2014).
=540  \\$aCurrent Copyright Fee: GBP34.00$c0$5Uk
=650  \0$aPathology$vPeriodicals.
=650  \0$aDiagnosis, laboratory$vPeriodicals.
=650  \0$aMedicine, Clinical$vPeriodicals.
=710  2\$aAsociación Española de Biopatología Médica,$eissuing body.
=710  2\$aAsociación Española de Farmacéuticos Analistas,$eissuing body.
=710  2\$aSociedad Española de Bioquímica Clínica y Patología Molecular,$eissuing body.
=776  08$iAlso issued in print as:$tRevista del laboratorio clínico$x1888-4008
=856  40$uhttp://www.sciencedirect.com/science/journal/18884008
=852  41$aBritish Library$bDSC$j7863.115350$3Volume 7:Issue 1(2014)-Volume 10:Issue 4(2017)***See ESTAR for full holdings.
=945  \\$aRevista del laboratorio clínico.
=959  \\$fHeld but not currently received
=979  \\$aBritish Library$bDSC$j7863.115350
=CAT  \\$a12654$b40$c20140218$lBLL01$h1128
=CAT  \\$a8124$b40$c20140429$lBLL01$h1214
=CAT  \\$a12654$b40$c20141124$lBLL01$h0905
=CAT  \\$aBLDSS-3PM$b00$c20141222$lBLL01$h1721
=CAT  \\$aBATCH-UPD$b00$c20160815$lBLL01$h0408
=CAT  \\$aBATCH-UPD$b00$c20171121$lBLL01$h1755
=CAT  \\$aIPL-CLA$c20171231$lBLL01$h1823
=CAT  \\$aW1805-0471$c20180520$lBLL01$h1140
=CAT  \\$aBATCH-UPD$b00$c20190521$lBLL01$h1446
=CAT  \\$aIPL-CLA$c20190630$lBLL01$h1548
=CAT  \\$a5552$b40$c20191129$lBLL01$h1210
=CAT  \\$aIPL-CLA$c20191231$lBLL01$h2037
=CAT  \\$aDEL-3PM$c20200108$lBLL01$h0853
=CAT  \\$aBATCH-CLA$b00$c20201204$lBLL01$h1612
=CAT  \\$aIPL-CLA$c20201231$lBLL01$h1532
=CAT  \\$aBATCH-UPD$b00$c20220417$lBLL01$h2110
=CAT  \\$a12654$b40$c20220420$lBLL01$h0818
=CAT  \\$a5410$b40$c20230423$lBLL01$h1231
=CAT  \\$aBATCH-FIX$c20230511$lBLL01$h1630
=CFI  0\$aCurrent Copyright Fee: GBP34.00$c0$e20-apr-2022$fGBP34.00$g0$hC$5Uk
=CFI  2\$aPrevious Copyright Fee: GBP22.50$c0$e01-jan-2021$fGBP22.50$g0$hA$5Uk
=EST  \\$a1
=FIN  \\$aY$d20140429
=LKR  \\$aPAR$b014858900$lBLL01$nRevista del laboratorio clínico (Print)$mRevista del laboratorio clínico (Online)$r776
=MNI  \\$a1888-4008
=TOC  \\$aETOC
=ACF  \\$aPrevious Copyright Fee: GBP20.00$c0$e01-jan-2020$fGBP20.00$g0$hA$5Uk
=ACF  \\$aPrevious copyright fee: GBP22.50$c5\1$e18-feb-2014$fGBP22.50$g0$hP$5Uk
=ACF  \\$aPrevious copyright fee: GBP23.40$c5\1$e01-jan-2018$fGBP23.40$g0$hP$5Uk
=ACF  \\$aPrevious copyright fee: GBP32.84$c5\1$e01-jul-2019$fGBP32.84$g0$hP$5Uk
=LAS  \\$aBATCH-FIX$b00$c20230511$lBLL01$h1630

