=LDR  03619cas a2200841 i 4500
=001  013698884
=003  Uk
=005  20230515090834.0
=006  m\\\\\\\\d\\\\\\\\
=007  cr\|||||||||||
=008  070320c19879999au\mr\p\s\\\\\0\\\b0eng\\
=FMT  \\$a  SE
=022  \\$a1864-3434$l0930-3855
=040  \\$aUk$beng$cUk$erda
=042  \\$aukblsr
=082  04$a346.070943605$223
=210  0\$aWirtsch.rechtl. Bl.$b(Online)
=222  \0$aWirtschaftsrechtliche Blätter$b(Online)
=245  00$aWirtschaftsrechtliche Blätter :$bWBL.
=246  13$aWBL
=264  \1$a[Wein] :$bSpringer-Verlag
=310  \\$aMonthly
=336  \\$atext$2rdacontent
=337  \\$acomputer$2rdamedia
=338  \\$aonline resource$2rdacarrier
=362  1\$aPrint began in 1987.
=588  \\$aDescription based on: volume 21, issue (January 2007); title from journal information page (SpringerLink, viewed October 23, 2013).
=588  \\$aLatest issue consulted: volume 26, issue 12 (December 2012) (viewed October 23, 213).
=540  \\$aCurrent copyright fee: GBP25.00$c0$5Uk
=650  \0$aCommercial law$zAustria$vPeriodicals.
=650  \0$aTrade regulation$zAustria$vPeriodicals.
=650  \0$aLabor laws and legislation$zAustria$vPeriodicals.
=772  0\$tJuristische Blätter (Online)$x1613-7639
=776  08$iAlso issued in print as:$tWirtschaftsrechtliche Blätter$x0930-3855
=856  40$uhttp://link.springer.com/journal/718
=852  41$aBritish Library$bDSC$j9325.614000$3Volume 21:Issue 1(2007)-Volume 25:Issue 12(2011)***See ESTAR for full holdings.
=945  \\$aWirtschaftsrechtliche blatter
=959  \\$fHeld but not currently received
=CAT  \\$a7174$b40$c20070320$lBLL01$h1606
=CAT  \\$a8028$b40$c20070322$lBLL01$h1340
=CAT  \\$aBATCH-UPD$b40$c20081119$lBLL01$h1531
=CAT  \\$aBATCH-UPD$b40$c20081231$lBLL01$h2325
=CAT  \\$aBATCH-UPD$b40$c20090101$lBLL01$h0056
=CAT  \\$aBATCH$b00$c20090101$lBLL01$h0231
=CAT  \\$aBATCH-UPD$b00$c20090319$lBLL01$h1041
=CAT  \\$aBATCH-UPD$b00$c20090331$lBLL01$h2317
=CAT  \\$aBATCH-UPD$b00$c20090401$lBLL01$h0046
=CAT  \\$aBATCH$b00$c20090401$lBLL01$h0216
=CAT  \\$aWR10_164$c20101215$lBLL01$h1511
=CAT  \\$aCDS12-UPD$b40$c20120206$lBLL01$h1842
=CAT  \\$a5552$b40$c20120607$lBLL01$h0905
=CAT  \\$aIPL-CLA$c20120629$lBLL01$h1037
=CAT  \\$aBATCH-CLA$b00$c20121109$lBLL01$h1725
=CAT  \\$a12654$b40$c20130109$lBLL01$h1544
=CAT  \\$a5997$b40$c20131023$lBLL01$h1138
=CAT  \\$a5997$b40$c20131023$lBLL01$h1144
=CAT  \\$a5997$b40$c20131023$lBLL01$h1150
=CAT  \\$aBATCH-FIX$c20230511$lBLL01$h1629
=CAT  \\$a12654$b40$c20230515$lBLL01$h0908
=CFI  0\$aCurrent Copyright Fee: GBP25.00$c0$e15-may-2023$fGBP25.00$g0$hC$5Uk
=CFI  2\$aPrevious Copyright Fee: GBP29.95$c0$e01-jan-2013$fGBP29.95$g0$hC$5Uk
=CFI  2\$aPrevious copyright fee: GBP22.00$c0$e01-jul-2012$fGBP22.00$g0$hC$5Uk
=EST  \\$a1
=FIN  \\$aY$d20131023
=LKR  \\$aPAR$b005551711$lBLL01$nWirtschaftsrechtliche Blätter (Print)$mWirtschaftsrechtliche Blätter (Online)$r776
=LKR  \\$aPAR$b013103510$lBLL01$nJuristische Blätter (Online)$mWirtschaftsrechtliche Blätter$r772
=MNI  \\$a0930-3855
=TCO  \\$aXXX$c008
=TOC  \\$aETOC
=ACF  \\$aPrevious copyright fee: GBP22.00$c23\6$e01-apr-2009$fGBP22.00$g0$hP$5Uk
=ACF  \\$aPrevious copyright fee: GBP21.25$c23\6$e01-jan-2009$fGBP21.25$g0$hP$5Uk
=ACF  \\$aPrevious Copyright Fee: GBP16.75$c23\6$e20-mar-2007$fGBP16.75$g0$hP$5Uk
=LAS  \\$a12654$b40$c20230515$lBLL01$h0908

