=LDR  04190cas a2201021 a 4500
=001  015325979
=003  Uk
=005  20230516093334.0
=006  m\\\\\\\\d\f\\\\\\
=007  cr\un|||||||||
=008  050614c19899999enkqx\pss\\\\f0\\\a0eng\d
=FMT  \\$a  SE
=010  \\$a2008214383
=015  \\$aGBB038926$2bnb
=022  0\$y1941-4641$21
=035  \\$a(OCoLC)60628577
=040  \\$aOCLCS$cOCLCS$dNSD$dUk
=042  \\$amsc$aukblsr
=043  \\$aa------$aae-----
=050  10$aISSN RECORD
=050  \4$aUA830$b.K67
=082  04$a355.03305$222
=130  0\$aKorean journal of defense analysis (Online)
=245  10$aKorean journal of defense analysis$h[electronic resource].
=260  \\$a[Seoul, Korea] :$bKorea Institute for Defense Analyses
=260  3\$32008-$a[Abingdon] :$bRoutledge
=310  \\$aFour no. a year
=336  \\$atext$2rdacontent
=337  \\$acomputer$2rdamedia
=338  \\$aonline resource$2rdacarrier
=362  0\$aVol. 1, no. 1 (summer 1989)-
=500  \\$aTitle from issues list screen (informaworld, viewed Mar. 16, 2010).
=500  \\$aLatest issue consulted: Vol. 21, issue 4 (2009) (viewed Mar. 16, 2010).
=500  \\$aPublished: Abingdon, UK : Routledge Journals Ltd., 2008-
=530  \\$aAlso issued in print.
=538  \\$aMode of access: World Wide Web.
=540  \\$aCurrent copyright fee: GBP25.00$c0$5Uk
=650  \0$aNational security$zAsia$vPeriodicals.
=650  \0$aNational security$zEast Asia$vPeriodicals.
=651  \0$aAsia$xForeign relations$vPeriodicals.
=651  \0$aAsia$xMilitary policy$vPeriodicals.
=651  \0$aAsia$xPolitics and government$vPeriodicals.
=710  2\$aHan'guk Kukpang Yŏn'guwŏn.
=776  1\$tKorean journal of defense analysis$x1016-3271
=856  40$uhttp://www.informaworld.com/smpp/title~db=all~content=t792815843
=852  41$aBritish Library$bDSC$j5113.529000$3Volume 20:Issue 1(2008)-Volume 22:Issue 4(2010)***See ESTAR for full holdings.
=945  \\$aKorean journal of defense analysis
=959  \\$fHeld but not currently received
=CAT  \\$a6811$b40$c20090714$lBLL01$h1341
=CAT  \\$aBATCH-UPD$b40$c20091118$lBLL01$h1243
=CAT  \\$aBATCH-UPD$b40$c20091231$lBLL01$h1813
=CAT  \\$aBATCH-UPD$b40$c20091231$lBLL01$h1831
=CAT  \\$aBATCH$b00$c20091231$lBLL01$h1851
=CAT  \\$a8483$b40$c20100316$lBLL01$h1321
=CAT  \\$a8483$b40$c20100316$lBLL01$h1326
=CAT  \\$a8483$b40$c20100316$lBLL01$h1337
=CAT  \\$aBATCH-UPD$b40$c20100514$lBLL01$h1000
=CAT  \\$aBATCH-UPD$b40$c20101116$lBLL01$h1332
=CAT  \\$aIPL-CLA$c20101231$lBLL01$h1527
=CAT  \\$aBATCH-UPD$b00$c20111123$lBLL01$h1839
=CAT  \\$aIPL-CLA$c20111230$lBLL01$h2033
=CAT  \\$aCDS12-UPD$b40$c20120116$lBLL01$h1729
=CAT  \\$aBATCH-CLA$b00$c20121109$lBLL01$h1721
=CAT  \\$aBATCH-UPD$b00$c20121121$lBLL01$h1614
=CAT  \\$aIPL-CLA$c20121231$lBLL01$h1327
=CAT  \\$aIPL-CLA$c20130102$lBLL01$h1800
=CAT  \\$aBATCH-CLA$b00$c20130526$lBLL01$h1652
=CAT  \\$a5552$b40$c20131105$lBLL01$h1210
=CAT  \\$a5552$b40$c20180108$lBLL01$h0824
=CAT  \\$aBATCH-FIX$c20230511$lBLL01$h1629
=CAT  \\$a12654$b40$c20230516$lBLL01$h0911
=CAT  \\$a12654$b40$c20230516$lBLL01$h0933
=CFI  0\$aCurrent copyright fee: GBP25.00$c0$e16-may-2023$fGBP25.00$g0$hC$5Uk
=CFI  2\$aBritish Library not licensed to copy$c0$e05-nov-2013$hC$iTX$5Uk
=CFI  2\$aPrevious copyright fee: GBP23.50$c2\0$e01-jan-2013$fGBP23.50$g0$hP$5Uk
=EST  \\$a1
=FIN  \\$aY$d20100316
=LKR  \\$aPAR$b011116149$lBLL01$mKorean journal of defense anal$r776$nKorean journal of defense analysis.
=MNI  \\$a1016-3271
=SID  \\$aZ39$bOCLC
=TCO  \\$aCLA$bCLA$c008
=TCO  \\$aXXX$c008
=TOC  \\$aETOC
=ACF  \\$aPrevious copyright fee: GBP23.00$c2\0$e01-jan-2012$fGBP23.00$g0$hP$5Uk
=ACF  \\$aPrevious copyright fee: GBP17.00$c2\0$e01-jan-2010$fGBP17.00$g0$hP$5Uk
=ACF  \\$aPrevious copyright fee: GBP16.00$c2\0$e14-jul-2009$fGBP16.00$g0$hP$5Uk
=ACF  \\$aPrevious copyright fee: GBP21.00$c2\0$e01-jan-2011$fGBP21.00$g0$hP$5Uk
=LAS  \\$a12654$b40$c20230516$lBLL01$h0933

