=LDR  03589cas a2200853 a 4500
=001  015759843
=003  Uk
=005  20230511163023.0
=006  m\\\\\\\\d\\\\\\\\
=007  cr\|||||||||||
=008  110224c20029999pl\qr\p\s\\\\\0\\\a0eng\\
=FMT  \\$a  SE
=022  \\$a1732-2707
=040  \\$aUk$beng$cUk$erda
=042  \\$aukblsr
=082  04$a616.9792005$223
=222  \0$aHIV & AIDS review$b(Online)
=245  00$aHIV & AIDS review :$binternational medical journal of HIV-related problems.
=260  \\$aWarszawa :$bMedical Science International,$c[2002]-
=264  31$a[Warszawa] :$bElsevier Urban & Partner Sp
=310  \\$aQuarterly
=336  \\$atext$2rdacontent
=337  \\$acomputer$2rdamedia
=338  \\$aonline resource$2rdacarrier
=362  1\$aPrint began with vol. 1, no. 1 (Dec. 2002).
=500  \\$aThe official journal of the Polish AIDS Research Society.
=588  \\$aDescription based on print version record.
=588  \\$aLatest issue consulted: volume 13, issue 1 (2014) (ScienceDirect, viewed April 1, 2014).
=540  \\$aBritish Library not licensed to copy$c5\1$5Uk
=650  \0$aHIV infections$vPeriodicals.
=650  \0$aHIV infections$xComplications$vPeriodicals.
=650  \0$aAIDS (Disease)$vPeriodicals.
=650  \0$aAIDS (Disease)$xComplications$vPeriodicals.
=710  2\$aPolish AIDS Research Society,$eissuing body.
=776  08$iAlso issued in print as:$tHIV & AIDS review :$x1730-1270
=856  40$uhttp://www.sciencedirect.com/science/journal/17301270/13
=852  41$aBritish Library$bDSC$j4319.042500$3Volume 13:Issue 1(2014)-Volume 13:Issue 4(2014)***See ESTAR for full holdings.
=945  \\$aHIV and AIDS review
=959  \\$fHeld but not currently received
=CAT  \\$a12654$b40$c20110224$lBLL01$h1102
=CAT  \\$aBATCH-UPD$b40$c20111123$lBLL01$h1854
=CAT  \\$aIPL-CLA$c20111230$lBLL01$h2036
=CAT  \\$aBATCH-UPD$b00$c20121121$lBLL01$h1659
=CAT  \\$aIPL-CLA$c20121231$lBLL01$h1330
=CAT  \\$aIPL-CLA$c20130102$lBLL01$h1806
=CAT  \\$aBATCH-CLA$b00$c20130526$lBLL01$h1702
=CAT  \\$a5110$b40$c20140401$lBLL01$h1356
=CAT  \\$a5110$b40$c20140403$lBLL01$h1452
=CAT  \\$aBATCH-UPD$b40$c20141012$lBLL01$h1332
=CAT  \\$aBLDSS-3PM$b00$c20141222$lBLL01$h1720
=CAT  \\$aCDS15-UPD$b40$c20150313$lBLL01$h1911
=CAT  \\$aBATCH-UPD$b40$c20170304$lBLL01$h1234
=CAT  \\$aBATCH-UPD$b40$c20171121$lBLL01$h1753
=CAT  \\$aIPL-CLA$c20171231$lBLL01$h1806
=CAT  \\$aBATCH-UPD$b00$c20190521$lBLL01$h1444
=CAT  \\$aIPL-CLA$c20190630$lBLL01$h1545
=CAT  \\$a12654$b40$c20190709$lBLL01$h0859
=CAT  \\$a12654$b40$c20190709$lBLL01$h0903
=CAT  \\$aDEL-3PM$c20190717$lBLL01$h1524
=CAT  \\$aBATCH-FIX$c20230511$lBLL01$h1630
=CFI  0\$aBritish Library not licensed to copy$c0$e01-jul-2019$hC$iTX$5Uk
=CFI  2\$aPrevious copyright fee: GBP32.84$c5\1$e01-jul-2019$fGBP32.84$g0$hP$5Uk
=EST  \\$a1
=FIN  \\$aY$d20140401
=LKR  \\$aPAR$b013739024$lBLL01$nHIV & AIDS review (Print)$mHIV & AIDS review (Online)$r776
=MNI  \\$a1730-1270
=TCO  \\$aZZZ$c008
=TCO  \\$aXXX$c008
=TOC  \\$aETOC
=ACF  \\$aPrevious copyright fee: GBP23.40$c5\1$e01-jan-2018$fGBP23.40$g0$hP$5Uk
=ACF  \\$aPrevious copyright fee: GBP20.00$c5\1$e22-feb-2011$fGBP20.00$g0$hP$5Uk
=ACF  \\$aPrevious copyright fee: GBP21.00$c5\1$e01-jan-2012$fGBP21.00$g0$hP$5Uk
=ACF  \\$aPrevious copyright fee: GBP22.50$c5\1$e01-jan-2013$fGBP22.50$g0$hP$5Uk
=LAS  \\$aBATCH-FIX$b00$c20230511$lBLL01$h1630

