=LDR  04212cas a2200997 a 4500
=001  016004001
=003  Uk
=005  20230630155207.0
=006  m\\\\\\\\d\\\\\\\\
=007  cr\|n|||||||||
=008  030507c20039999ne\mx\pso\\\\\0\\\a0eng\d
=FMT  \\$a  SE
=010  \\$a2007263169
=016  7\$a2188189-3$2DE-600
=022  0\$a1879-596X$l1544-6794
=030  \\$aJSOOBY
=035  \\$a(OCoLC)62576537
=037  \\$bElsevier Oncology, 46 Green Street, 2nd Floor, Huntington, NY 11743
=040  \\$aCUD$cCUD$dOCLCQ$dTXA$dOCLCQ$dHEBIS$dUk
=042  \\$aukblsr
=050  14$aRC271.P33$bJ68
=060  00$aW1$bJO905ER
=082  04$a616.99406$223
=130  0\$aJournal of supportive oncology (Online)
=222  \4$aThe journal of supportive oncology$b(Online)
=245  14$aThe journal of supportive oncology$h[electronic resource].
=246  3\$aSupportive oncology
=260  \\$aHuntington, NY :$bBiolink Communications,$c[2003]-
=260  3\$a[Amsterdam] :$bElsevier
=310  \\$aBimonthly,$b<2010>-
=321  \\$aTen times a year,$b2006-<2009>
=321  \\$aBimonthly,$b2003-2005
=336  \\$atext$2rdacontent
=337  \\$acomputer$2rdamedia
=338  \\$aonline resource$2rdacarrier
=362  1\$aBegan with: Vol. 1, no. 1 (May/June 2003).
=500  \\$aPublished: Biolink Communicaitons, 2003-2004; Elsevier Oncology, 2005-
=588  \\$aDescription based on first issue; title from issue table of contents (Supportiveoncology site, viewed Dec. 31, 2007).
=588  \\$aLatest issue consulted: Vol. 10, issue 1 (Jan./Feb. 2012) (ScienceDirect, viewed Feb. 7, 2012).
=515  \\$aVol. 1 complete in four issues.
=525  \\$aSupplements accompany some issues.
=540  \\$aCurrent Copyright Fee: GBP0.16$c0$5Uk
=650  \0$aCancer$xPalliative treatment$vPeriodicals.
=650  \0$aCancer$xTreatment$vPeriodicals.
=650  \0$aOncology$vPeriodicals.
=776  08$iPrint version:$tJournal of supportive oncology$x1544-6794
=856  40$uhttp://www.supportiveoncology.net
=856  40$uhttp://www.sciencedirect.com/science/journal/15446794
=852  41$aBritish Library$bDSC$j5067.270000$3Volume 10:Issue 1(2012)-Volume 10:Issue 6(2012)***See ESTAR for full holdings.
=945  \\$aJournal of supportive oncology
=959  \\$fHeld but not currently received
=CAT  \\$a9599$b40$c20120110$lBLL01$h1000
=CAT  \\$aBATCH-TCO$c20120117$lBLL01$h0038
=CAT  \\$a5552$b40$c20120206$lBLL01$h1437
=CAT  \\$a8124$b40$c20120207$lBLL01$h1007
=CAT  \\$a8124$b40$c20120207$lBLL01$h1009
=CAT  \\$aBATCH-UPD$b40$c20121121$lBLL01$h1700
=CAT  \\$aIPL-CLA$c20121231$lBLL01$h1335
=CAT  \\$aIPL-CLA$c20130102$lBLL01$h1814
=CAT  \\$aBATCH-CLA$b00$c20130526$lBLL01$h1700
=CAT  \\$a12654$b40$c20130809$lBLL01$h1128
=CAT  \\$a5552$b40$c20130903$lBLL01$h1130
=CAT  \\$aBATCH-CLA$b00$c20131129$lBLL01$h1704
=CAT  \\$aIPL-CLA$c20140101$lBLL01$h0155
=CAT  \\$aBATCH-CLA$b00$c20140228$lBLL01$h1619
=CAT  \\$aIPL-CLA$c20140331$lBLL01$h1640
=CAT  \\$aBATCH-CLA$b00$c20140530$lBLL01$h1716
=CAT  \\$aIPL-CLA$c20140630$lBLL01$h1755
=CAT  \\$aBATCH-CLA$b00$c20230622$lBLL01$h1236
=CAT  \\$aIPL-CLA$c20230630$lBLL01$h1552
=CFI  0\$aCurrent Copyright Fee: GBP0.16$c0$e01-jul-2023$fGBP0.16$g0$hC$5Uk
=CFI  2\$aBritish Library not licensed to copy$c0$e01-jul-2014$hC$iCFP Excluded$5Uk
=EST  \\$a1
=FIN  \\$aY$d20120207
=LKR  \\$aPAR$b013018982$lBLL01$r776$mThe journal of supportive oncology (Online)$nThe journal of supportive oncology (Print)
=MNI  \\$a1544-6794
=SID  \\$aZ39$bOCLC
=TCO  \\$aZZZ$c008
=TCO  \\$aTRS$bCCC$c008
=TOC  \\$aETOC
=ACF  \\$aPrevious copyright fee: GBP22.50$c5\1$e01-jan-2013$fGBP22.50$g0$hP$5Uk
=ACF  \\$aPrevious copyright fee: GBP21.00$c5\1$e10-jan-2012$fGBP21.00$g0$hP$5Uk
=ACF  \\$aPrevious copyright fee: GBP12.00$c0$e03-sep-2013$fGBP12.00$g0$hA$5Uk
=ACF  \\$aBritish Library not licensed to copy$c0$e01-jan-2014$hC$iCFP Excluded$5Uk
=ACF  \\$aBritish Library not licensed to copy$c0$e01-apr-2014$hC$iCFP Excluded$5Uk
=LAS  \\$aIPL-CLA$b00$c20230630$lBLL01$h1552

