=LDR  05800cas a2201297 a 4500
=001  013817330
=003  Uk
=005  20221205093622.0
=006  m\\\\\o\\d\\\\\\\\
=007  cr\mn|||||||||
=008  000629c19879999nyuqr\pso\o\\\0\\\a0eng\c
=FMT  \\$a  SE
=010  \\$a2001227160
=022  0\$a1936-4709$l0895-4852$y0895-4852$21
=035  \\$a(OCoLC)44507096$z(OCoLC)156952556
=040  \\$aRCE$beng$cRCE$dEYM$dOCLCQ$dIUL$dOCLCQ$dOCL$dNSD$dUQ1$dNSD$dGBT$dVRC$dOCLCQ$dUk
=042  \\$ansdp$aukblsr
=043  \\$an-us---
=050  14$aAS30$b.A23
=082  10$a378.73$223
=130  0\$aAcademic questions (Online)
=222  \0$aAcademic questions$b(Online)
=245  10$aAcademic questions$h[electronic resource] :$bAQ.
=246  3\$aAQ online
=246  30$aAQ
=260  \\$aPiscataway, N.J. :$bTransaction Publishers,$cc1987-
=264  31$a[New York] :$bSpringer US
=310  \\$aQuarterly
=336  \\$atext$2rdacontent
=337  \\$acomputer$2rdamedia
=338  \\$aonline resource$2rdacarrier
=362  0\$aVol. 1, no. 1 (Mar. 1987)-
=500  \\$aTitle from title screen (publisher's Web site viewed Jan. 11, 2008).
=500  \\$aVols. for May 2007- published: New York : Springer.
=530  \\$aAlso issued in print.
=538  \\$aMode of access: World Wide Web.
=550  \\$aIssued by the National Association of Scholars.
=588  \\$aLatest issue consulted: volume 26, issue 3 (September 2013)(SpringerLink, viewed Nov. 5, 2013).
=540  \\$aCurrent Copyright Fee: GBP29.95$c0$5Uk
=650  \0$aLearning and scholarship$zUnited States$vPeriodicals.
=650  \7$aÉrudition.$2rasuqam
=650  \7$aEnseignement.$2rasuqam
=650  \7$aQualité de l'enseignement.$2rasuqam
=651  \7$aÉtats-Unis.$2rasuqam
=655  \0$aElectronic journals.
=655  \7$aPériodique électronique (Descripteur de forme)$2rasuqam
=655  \7$aRessource Internet (Descripteur de forme)$2rasuqam
=710  2\$aNational Association of Scholars (U.S.)
=776  1\$tAcademic questions$x0895-4852
=856  40$uhttp://link.springer.com/journal/12129
=856  40$uhttp://www.catchword.com/rpsv/cw/tranpub/08954852/contp1.htm
=856  40$uhttp://www.springerlink.com
=852  41$aBritish Library$bDSC$j0570.514220$3Volume 10:Issue 1(1997)-Volume 27:Issue 4(2014)***See ESTAR for full holdings.
=945  \\$aAcademic questions
=959  \\$fHeld but not currently received
=979  \\$aBritish Library$bDSC$j0570.514220
=CAT  \\$a7174$b40$c20070814$lBLL01$h1400
=CAT  \\$aBATCH-UPD$b00$c20150520$lBLL01$h1759
=CAT  \\$aIPL-CLA$c20150630$lBLL01$h1656
=CAT  \\$aBATCH-UPD$b00$c20150820$lBLL01$h1846
=CAT  \\$aIPL-CLA$c20150930$lBLL01$h1819
=CAT  \\$aBATCH-UPD$b00$c20160217$lBLL01$h1737
=CAT  \\$aIPL-CLA$c20160331$lBLL01$h1741
=CAT  \\$aBATCH-UPD$b00$c20160524$lBLL01$h2211
=CAT  \\$aBATCH-UPD$b00$c20160525$lBLL01$h0029
=CAT  \\$aBATCH-UPD$b00$c20160824$lBLL01$h1804
=CAT  \\$aIPL-CLA$c20160930$lBLL01$h1614
=CAT  \\$aBATCH-UPD$b00$c20170216$lBLL01$h1852
=CAT  \\$aIPL-CLA$c20170331$lBLL01$h1853
=CAT  \\$aBATCH-UPD$b00$c20170904$lBLL01$h1902
=CAT  \\$aIPL-CLA$c20170929$lBLL01$h1738
=CAT  \\$aBATCH-UPD$b00$c20180223$lBLL01$h1736
=CAT  \\$aIPL-CLA$c20180331$lBLL01$h1630
=CAT  \\$aBATCH-UPD$b00$c20180524$lBLL01$h1722
=CAT  \\$aIPL-CLA$c20180630$lBLL01$h1922
=CAT  \\$a12654$b40$c20210623$lBLL01$h1145
=CAT  \\$aDEL-3PM$c20210628$lBLL01$h1412
=CAT  \\$aBATCH-CLA$b00$c20210928$lBLL01$h1503
=CAT  \\$aIPL-CLA$c20210930$lBLL01$h1528
=CAT  \\$a5410$b40$c20221111$lBLL01$h1046
=CAT  \\$a5410$b40$c20221114$lBLL01$h1423
=CAT  \\$a5410$b40$c20221121$lBLL01$h0920
=CAT  \\$aDEL-3PM$c20221205$lBLL01$h0936
=CFI  0\$aCurrent Copyright Fee: GBP29.95$c0$e01-oct-2021$fGBP29.95$g0$hC$5Uk
=CFI  2\$aPrevious copyright fee: GBP22.50$c0$e23-jun-2021$fGBP22.50$g0$hA$5Uk
=EST  \\$a1
=FIN  \\$aY$d20131105
=LKR  \\$aPAR$b010635207$lBLL01$r776$mAcademic questions (Online)$nAcademic questions (Print).
=MNI  \\$a0895-4852
=SID  \\$aZ39$bOCLC
=TCO  \\$aTRS$bCCC$c008
=TOC  \\$aETOC
=UNO  \\$aY
=ACF  \\$aPrevious copyright fee: GBP21.25$c22\8$e01-jan-2009$fGBP21.25$g0$hP$5Uk
=ACF  \\$aPrevious Copyright Fee: GBP16.75$c22\8$e14-aug-2007$fGBP16.75$g0$hP$5Uk
=ACF  \\$aPrevious copyright fee: GBP22.00$c22\8$e01-apr-2009$fGBP22.00$g0$hP$5Uk
=ACF  \\$aPrevious copyright fee: GBP22.00$c22\8$e12-aug-2012$fGBP22.00$g0$hP$5Uk
=ACF  \\$aPrevious copyright fee: GBP25.00$c22\8$e01-jan-2013$fGBP25.00$g0$hP$5Uk
=ACF  \\$aPrevious copyright fee: GBP25.77$c22\8$e01-jul-2013$fGBP25.77$g0$hP$5Uk
=ACF  \\$aPrevious copyright fee: GBP24.97$c22\8$e01-jan-2014$fGBP24.97$g0$hP$5Uk
=ACF  \\$aPrevious copyright fee: GBP24.21$c22\8$e01-jul-2014$fGBP24.21$g0$hP$5Uk
=ACF  \\$aPrevious copyright fee: GBP25.77$c22\8$e01-apr-2015$fGBP25.77$g0$hP$5Uk
=ACF  \\$aPrevious copyright fee: GBP26.63$c22\8$e01-jul-2015$fGBP26.63$g0$hP$5Uk
=ACF  \\$aPrevious copyright fee: GBP25.77$c22\8$e01-oct-2015$fGBP25.77$g0$hP$5Uk
=ACF  \\$aPrevious copyright fee: GBP27.55$c22\8$e01-apr-2016$fGBP27.55$g0$hP$5Uk
=ACF  \\$aPrevious copyright fee: GBP29.59$c22\8$e01-oct-2016$fGBP29.59$g0$hP$5Uk
=ACF  \\$aPrevious copyright fee: GBP31.96$c22\8$e01-apr-2017$fGBP31.96$g0$hP$5Uk
=ACF  \\$aPrevious copyright fee: GBP30.73$c22\8$e01-oct-2017$fGBP30.73$g0$hP$5Uk
=ACF  \\$aPrevious copyright fee: GBP34.00$c22\1$e01-jul-2018$fGBP34.00$g0$hP$5Uk
=ACF  \\$aPrevious copyright fee: GBP28.54$c22\8$e01-apr-2018$fGBP28.54$g0$hP$5Uk
=LAS  \\$aDEL-3PM$b00$c20221205$lBLL01$h0936

