=LDR  03917cas a2200973 a 4500
=001  014344102
=003  Uk
=005  20221231144855.0
=006  m\\\\\\\\d\\\\\\\\
=007  cr\un|||||||||
=008  070327c20039999ctuqr\pss\\\\\0\\\a0eng\d
=FMT  \\$a  SE
=022  0\$a1751-7168$202
=035  \\$a(OCoLC)94133251
=040  \\$aOCLCS$cOCLCS$dOCLCS$dMUQ$dDLC$dUk
=042  \\$aissnuk$aukblsr
=046  \\$at$c2007$e9999
=050  \4$aRC681.A1
=060  \4$aW1$bAM422P
=082  04$a616.12005$222
=130  0\$aAmerican heart hospital journal (Online)
=222  \4$aThe American heart hospital journal$b(Online)
=245  14$aThe American heart hospital journal$h[electronic resource].
=260  \\$32003-$aDarien, CT :$bLe Jacq Communications
=260  2\$3- Sept. 2008$a[New York ] :$bWiley-Blackwell
=260  3\$3<2009->$a[London] :$bTouch Briefings
=310  \\$aQuarterly
=336  \\$atext$2rdacontent
=337  \\$acomputer$2rdamedia
=338  \\$aonline resource$2rdacarrier
=362  1\$aVol. 1, no. 1 (winter 2003)-
=530  \\$aAlso issued in print.
=500  \\$aDescription based on print version record.
=540  \\$aCurrent Copyright Fee: GBP25.00$c0$5Uk
=650  20$aHeart$xDiseases$vPeriodicals.
=650  20$aCardiology$vPeriodicals.
=650  20$aChest$xSurgery$vPeriodicals.
=776  1\$tAmerican heart hospital journal$x1541-9215
=856  40$uhttp://www.blackwell-synergy.com/loi/ahh
=852  41$aBritish Library$bDSC$j0816.655000$3Volume 5:Issue 1(2007)-Volume 6:Issue 1(2008)***See ESTAR for full holdings.
=945  \\$aAmerican heart hospital journal
=959  \\$fHeld but not currently received
=CAT  \\$a7174$b40$c20071115$lBLL01$h1442
=CAT  \\$a7174$b40$c20071115$lBLL01$h1443
=CAT  \\$a8028$b40$c20071116$lBLL01$h1153
=CAT  \\$a8464$b40$c20100421$lBLL01$h1211
=CAT  \\$a5997$b40$c20100707$lBLL01$h0823
=CAT  \\$aISSN$b40$c20100820$lBLL01$h1441
=CAT  \\$aBATCH-CLA$b00$c20130526$lBLL01$h1701
=CAT  \\$aBATCH-CLA$b00$c20140125$lBLL01$h1316
=CAT  \\$aBATCH-CLA$c20140225$lBLL01$h2332
=CAT  \\$aWR14_140$c20140905$lBLL01$h1817
=CAT  \\$aBLDSS-3PM$b00$c20141214$lBLL01$h1524
=CAT  \\$aBATCH-UPD$b00$c20150215$lBLL01$h1631
=CAT  \\$aIPL-CLA$c20150228$lBLL01$h2053
=CAT  \\$aBATCH-UPD$b00$c20170114$lBLL01$h0715
=CAT  \\$aW1703-0316$c20170306$lBLL01$h1826
=CAT  \\$aW1703-0316$c20170307$lBLL01$h1649
=CAT  \\$aIPL-CLA$c20170307$lBLL01$h1824
=CAT  \\$aBATCH-UPD$b00$c20180219$lBLL01$h1751
=CAT  \\$a5552$b40$c20181109$lBLL01$h1414
=CAT  \\$aBATCH-CLA$b00$c20191219$lBLL01$h1744
=CAT  \\$aIPL-CLA$c20191231$lBLL01$h1958
=CAT  \\$aR2001-1524$c20200127$lBLL01$h2033
=CAT  \\$aBATCH-CLA$b00$c20201204$lBLL01$h1551
=CAT  \\$aIPL-CLA$c20201231$lBLL01$h1530
=CAT  \\$aBATCH-CLA$b00$c20221221$lBLL01$h1903
=CAT  \\$aIPL-CLA$c20221231$lBLL01$h1448
=CFI  0\$aCurrent Copyright Fee: GBP25.00$c0$e01-jan-2023$fGBP25.00$g0$hA$5Uk
=CFI  2\$aPrevious Copyright Fee: GBP22.50$c0$e01-jan-2021$fGBP22.50$g0$hA$5Uk
=EST  \\$a1
=FIN  \\$aY$d20100707
=LKR  \\$aPAR$b013104408$lBLL01$r776$mThe American heart hospital journal (Online)$nThe American heart hospital journal (Print)
=MNI  \\$a1541-9215
=SID  \\$aZ39$bOCLC
=TCO  \\$aTRS$bCCC$c008
=TCO  \\$aCLA$bCLA$c008
=TOC  \\$aETOC
=ACF  \\$aPrevious Copyright Fee: GBP22.00$c10\0$e01-jan-2007$fGBP22.00$g0$hP$5Uk
=ACF  \\$aPrevious copyright fee: GBP24.00$c35\0$e07-mar-2017$fGBP24.00$g0$hP$5Uk
=ACF  \\$aPrevious copyright fee: GBP24.00$c10\0$e01-mar-2015$fGBP24.00$g0$hP$5Uk
=ACF  \\$aPrevious copyright fee: GBP17.50$c0$e09-nov-2018$fGBP17.50$g0$hA$5Uk
=ACF  \\$aPrevious Copyright Fee: GBP20.00$c0$e01-jan-2020$fGBP20.00$g0$hA$5Uk
=LAS  \\$aIPL-CLA$b00$c20221231$lBLL01$h1448

