=LDR  03721 as a2200901 a 4500
=001  014472351
=003  Uk
=005  20100223133046.0
=006  m\\\\\\\\d\\\\\\\\
=007  cr\cnu||||||||
=008  061130d20072007pauqr\pss\\\\\0\\\a0eng\c
=FMT  \\$a  SE
=010  \\$a2006216291
=022  \\$a1934-9661
=035  \\$a(OCoLC)76830805
=037  \\$bCurrent Science, Inc 400 Market St, Ste 700, Philadelphia PA 19106
=040  \\$aNSD$cNSD$dNSD$dOCLCS$dUk
=042  \\$alcd$ansdp$aukblsr
=082  04$a616.324$222
=130  0\$aCurrent GERD reports (Online)
=222  \0$aCurrent GERD reports$b(Online)
=245  10$aCurrent GERD reports$h[electronic resource].
=260  \\$aPhiladelphia, PA :$bCurrent Medicine Group
=310  \\$aQuarterly
=336  \\$atext$2rdacontent
=337  \\$acomputer$2rdamedia
=338  \\$aonline resource$2rdacarrier
=362  1\$aBegan with vol. 1, no. 1 (Mar. 2007).
=362  0\$a-v. 1, no. 4 (Dec. 2007).
=500  \\$aDescription based on vol. 1, no. 4 (Dec. 2007); title from pdf cover (publisher's website viewed on Feb. 4, 2008).
=540  \\$aBritish Library not licensed to copy$c0$5Uk
=650  \0$aGastroesophageal reflux$vPeriodicals.
=776  08$iPublished also in print:$tCurrent GERD reports$x1934-967X
=856  40$uhttp://www.,current-reports.com/gd
=856  40$uhttp://www.springerlink.com/openurl.asp?genre=journal&issn=1934-967X
=852  41$aBritish Library$bDSC$j3497.020000$3Volume 1:Issue 1(2007)-Volume 1:Issue 4(2007)***See ESTAR for full holdings.
=945  \\$aCurrent GERD reports
=959  \\$fHeld but not currently received
=CAT  \\$a7174$b40$c20071213$lBLL01$h1554
=CAT  \\$a8153$b40$c20071213$lBLL01$h1618
=CAT  \\$aBATCH-UPD$b40$c20081119$lBLL01$h1504
=CAT  \\$aBATCH-UPD$b40$c20081231$lBLL01$h2327
=CAT  \\$aBATCH-UPD$b40$c20090101$lBLL01$h0057
=CAT  \\$aBATCH$b00$c20090101$lBLL01$h0232
=CAT  \\$aBATCH-UPD$b00$c20090319$lBLL01$h1027
=CAT  \\$aBATCH-UPD$b00$c20090331$lBLL01$h2318
=CAT  \\$aBATCH-UPD$b00$c20090401$lBLL01$h0047
=CAT  \\$aBATCH$b00$c20090401$lBLL01$h0217
=CAT  \\$a8464$b40$c20090827$lBLL01$h1205
=CAT  \\$a8464$b40$c20090827$lBLL01$h1208
=CAT  \\$a8483$b40$c20100223$lBLL01$h1326
=CAT  \\$a8483$b40$c20100223$lBLL01$h1329
=CAT  \\$a8483$b40$c20100223$lBLL01$h1330
=CAT  \\$aBATCH-UPD$b40$c20100226$lBLL01$h0154
=CAT  \\$aBATCH-UPD$b40$c20100331$lBLL01$h2346
=CAT  \\$aBATCH-UPD$b40$c20100401$lBLL01$h0302
=CAT  \\$aBATCH$b00$c20100401$lBLL01$h0605
=CAT  \\$aBATCH$b00$c20100401$lBLL01$h1638
=CAT  \\$aBATCH-UPD$b00$c20101124$lBLL01$h1951
=CAT  \\$aBATCH-UPD$b00$c20101125$lBLL01$h1217
=CAT  \\$aIPL-CLA$c20101231$lBLL01$h1524
=CAT  \\$aBATCH-UPD$b00$c20110907$lBLL01$h1830
=CAT  \\$aIPL-CLA$c20110908$lBLL01$h1745
=CAT  \\$aBATCH-CLA$b00$c20121109$lBLL01$h1723
=CFI  0\$aBritish Library not licensed to copy$c0$e07-sep-2011$hC$iTX$5Uk
=CFI  2\$aPrevious copyright fee: GBP10.50$c0$e01-jan-2011$fGBP10.50$g0$hA$5Uk
=EST  \\$a1
=FIN  \\$aY$d20100223
=MNI  \\$a1934-967X
=SID  \\$aZ39$bOCLC
=TCO  \\$aTRS$bCCC$c008
=TOC  \\$aETOC
=ACF  \\$aPrevious copyright fee: GBP9.00$c0$e01-apr-2010$fGBP9.00$g0$hA$5Uk
=ACF  \\$aPrevious copyright fee: GBP6.00$c0$e27-aug-2009$fGBP6.00$g0$hA$5Uk
=ACF  \\$aCurrent copyright fee: GBP22.00$c13\8$e01-apr-2009$fGBP22.00$g0$hP$5Uk
=ACF  \\$aPrevious copyright fee: GBP21.25$c13\8$e01-jan-2009$fGBP21.25$g0$hP$5Uk
=ACF  \\$aPrevious Copyright Fee: GBP16.75$c13\8$e13-dec-2007$fGBP16.75$g0$hP$5Uk
=LAS  \\$aBATCH-CLA$b00$c20121109$lBLL01$h1723

