=LDR  04724cas a2201045 a 4500
=001  014650016
=003  Uk
=005  20221231144923.0
=006  m\\\\\o\\d\\\\\\\\
=007  cr\un|||||||||
=008  070717c19819999cc\qr\\so\\\\\0\\\a0eng\d
=FMT  \\$a  SE
=022  \\$y0255-2922
=035  \\$a(OCoLC)156432255
=040  \\$aOCLCS$beng$cOCLCS$dOCLCS$dMUQ$dKSU$dTXA$dOCLCQ$dCUS$dOCLCQ$dOCLCF$dUk
=042  \\$aukblsr
=050  14$aR601$b.J68
=060  \4$aW1 JO966KF
=082  04$a615.50951$223
=130  0\$aJournal of traditional Chinese medicine (Online)
=245  10$aJournal of traditional Chinese medicine$h[electronic resource] =$bChung i tsa chih ying wen pan /$csponsored by All-China Association of Traditional Chinese Medicine, Academy of Traditional Chinese Medicine.
=246  13$aJTCM
=246  31$aChung i tsa chih ying wen pan
=260  \\$a[Beijing, China :$bPub. Office, Journal of Traditional Chinese Medicine]
=260  3\$bElsevier Science$32008-
=310  \\$aQuarterly
=336  \\$atext$2rdacontent
=337  \\$acomputer$2rdamedia
=338  \\$aonline resource$2rdacarrier
=362  1\$aPrint began with vol. 1, no. 1 (Sept. 1981).
=538  \\$aMode of access: World Wide Web.
=588  \\$aDescription based on: Vol. 28, issue 1 (Mar. 2008); title from PDF atricle header (ScienceDirect, viewed Feb. 9, 2010).
=588  \\$aLatest issue consulted: volume 34, issue 3 (June 2014) (viewed September 30, 2014).
=540  \\$aBritish Library not licensed to copy$c0$5Uk
=650  \0$aMedicine, Chinese$vPeriodicals.
=650  \2$aMedicine, Chinese Traditional$vPeriodicals.
=650  \6$aMédecine chinoise$vPériodiques.
=650  \7$aMedicine, Chinese.$2fast
=655  \7$aPeriodicals.$2fast
=710  2\$aZhong yi yan jiu yuan (Beijing, China)
=710  2\$aZhonghua quan guo Zhong yi xue hui.
=776  08$iPrint version:$tJournal of traditional Chinese medicine$x0255-2922
=856  40$uhttp://www.sciencedirect.com/science/journal/02546272
=856  40$uhttp://www.wanfangdata.com/wf/~kjqk/zyzz-e/index.html
=852  41$aBritish Library$bDSC$j5069.745100$3Volume 28:Issue 1(2008)-Volume 35:Issue 6(2015)***See ESTAR for full holdings.
=945  \\$aJournal of traditional chinese medicine -English edition-
=959  \\$fHeld but not currently received
=CAT  \\$a7174$b40$c20080620$lBLL01$h1606
=CAT  \\$aIPL-CLA$c20111230$lBLL01$h2031
=CAT  \\$aWR11_155$c20120104$lBLL01$h1854
=CAT  \\$a8464$b40$c20120109$lBLL01$h1150
=CAT  \\$a8464$b40$c20120109$lBLL01$h1151
=CAT  \\$aBATCH-CLA$b00$c20121109$lBLL01$h1722
=CAT  \\$aBATCH-UPD$b00$c20121121$lBLL01$h1659
=CAT  \\$aIPL-CLA$c20121231$lBLL01$h1325
=CAT  \\$aIPL-CLA$c20130102$lBLL01$h1756
=CAT  \\$a12654$b40$c20140826$lBLL01$h1142
=CAT  \\$a8483$b40$c20140930$lBLL01$h1408
=CAT  \\$a8483$b40$c20140930$lBLL01$h1409
=CAT  \\$aBLDSS-3PM$b00$c20141222$lBLL01$h1718
=CAT  \\$a12654$b40$c20160127$lBLL01$h0924
=CAT  \\$aBATCH-UPD$b40$c20170304$lBLL01$h1227
=CAT  \\$aBATCH-UPD$b40$c20171121$lBLL01$h1750
=CAT  \\$aIPL-CLA$c20171231$lBLL01$h1734
=CAT  \\$a12654$b40$c20190416$lBLL01$h1351
=CAT  \\$a12654$b40$c20190423$lBLL01$h0956
=CAT  \\$aDEL-3PM$c20190424$lBLL01$h1558
=CAT  \\$aBATCH-CLA$b00$c20190924$lBLL01$h1911
=CAT  \\$aIPL-CLA$c20190930$lBLL01$h1644
=CAT  \\$aBATCH-CLA$b00$c20210328$lBLL01$h1316
=CAT  \\$aIPL-CLA$c20210331$lBLL01$h1701
=CAT  \\$aBATCH-CLA$b00$c20221206$lBLL01$h1724
=CAT  \\$aIPL-CLA$c20221231$lBLL01$h1449
=CFI  0\$aBritish Library not licensed to copy$c0$e01-jan-2023$hC$iCFP Excluded$5Uk
=CFI  2\$aPrevious Copyright Fee: GBP34.00$c0$e01-apr-2021$fGBP34.00$g0$hC$5Uk
=EST  \\$a1
=FIN  \\$aY$d20140930
=LKR  \\$aPAR$b010492571$lBLL01$r776$mJournal of traditional chinese medicine (Online)$nJournal of traditional chinese medicine (Print).
=MNI  \\$a0254-6272
=SID  \\$aZ39$bOCLC
=TCO  \\$aZZZ$c008
=TOC  \\$aETOC
=ACF  \\$aPrevious Copyright Fee: GBP19.00$c5\1$e20-jun-2008$fGBP19.00$g0$hP$5Uk
=ACF  \\$aPrevious copyright fee: GBP20.00$c5\1$e01-jan-2009$fGBP20.00$g0$hP$5Uk
=ACF  \\$aPrevious copyright fee: GBP21.00$c5\1$e01-jan-2012$fGBP21.00$g0$hP$5Uk
=ACF  \\$aPrevious copyright fee: GBP23.40$c5\1$e01-jan-2018$fGBP23.40$g0$hP$5Uk
=ACF  \\$aPrevious copyright fee: GBP22.50$c5\1$e01-jan-2013$fGBP22.50$g0$hP$5Uk
=ACF  \\$aPrevious copyright fee: GBP17.50$c0$e16-apr-2019$fGBP17.50$g0$hA$5Uk
=ACF  \\$aPrevious Copyright Fee: GBP23.40$c0$e01-oct-2019$fGBP23.40$g0$hC$5Uk
=LAS  \\$aIPL-CLA$b00$c20221231$lBLL01$h1449

