=LDR  04145cas a2200949 a 4500
=001  014681610
=003  Uk
=005  20221231144927.0
=006  m\\\\\\\\d\\\\\\\\
=007  cr\|||||||||||
=008  080730c19849999cc\br\p\s\\\\\0\\\a0zxx\\
=FMT  \\$a  SE
=022  \\$a1872-2059
=040  \\$aUk$beng$cUk
=042  \\$aukblsr
=082  04$a543.805$222
=130  0\$aChinese journal of chromatography (Online)
=222  \0$aChinese journal of chromatography$b(Online)
=245  10$aChinese journal of chromatography$h[electronic resource].
=260  \\$aDalian :$bSepu Jishu Yanjiu Kaifa Zhongxin,$c1984-
=260  2\$32007-2008$aAmsterdam :$bElsevier
=260  3\$32009-$a[S.l.] :$bScience Press
=310  \\$aBi-monthly
=336  \\$atext$2rdacontent
=337  \\$acomputer$2rdamedia
=338  \\$aonline resource$2rdacarrier
=538  \\$aMode of access: World Wide Web.
=500  \\$aDescription based on: print version record.
=500  \\$aLatest issue consulted: Vol. 26, issue 3 (May 2008); title from journal home page (ScienceDirect, viewed on Sept. 1, 2008).
=540  \\$aCurrent Copyright Fee: GBP25.00$c0$5Uk
=650  \0$aChromatography$vPeriodicals.
=710  2\$aZhongguo hua xue hui (Beijing, China)
=710  2\$aSepu Jishu Yanjiu Kaifa Zhongxin (Firm)
=776  1\$tChinese journal of chromatography$x1000-8713
=856  40$uhttp://www.sciencedirect.com/science/journal/18722059
=852  41$aBritish Library$bDSC$j3180.299800$3Volume 24:Issue 1(2006)-Volume 26:Issue 6(2008)***See ESTAR for full holdings.
=945  \\$aChinese journal of chromatography
=959  \\$fHeld but not currently received
=CAT  \\$a8464$b40$c20080730$lBLL01$h1120
=CAT  \\$a5997$b40$c20100303$lBLL01$h0948
=CAT  \\$aBATCH-UPD$b40$c20100331$lBLL01$h2349
=CAT  \\$aBATCH-UPD$b40$c20100401$lBLL01$h0303
=CAT  \\$aBATCH$b00$c20100401$lBLL01$h0607
=CAT  \\$aBATCH$b00$c20100401$lBLL01$h1640
=CAT  \\$aBATCH-UPD$b00$c20101124$lBLL01$h1952
=CAT  \\$aBATCH-UPD$b00$c20101125$lBLL01$h1218
=CAT  \\$aIPL-CLA$c20101231$lBLL01$h1525
=CAT  \\$a5552$b40$c20110915$lBLL01$h1537
=CAT  \\$aWR11_203$c20111204$lBLL01$h1514
=CAT  \\$aIPL-CLA$c20111230$lBLL01$h2031
=CAT  \\$aBATCH-CLA$b00$c20121109$lBLL01$h1722
=CAT  \\$aBATCH-CLA$c20131220$lBLL01$h2058
=CAT  \\$aIPL-CLA$c20140101$lBLL01$h0058
=CAT  \\$aBATCH-CLA$b00$c20161222$lBLL01$h1823
=CAT  \\$aIPL-CLA$c20161230$lBLL01$h2309
=CAT  \\$aBATCH-CLA$b00$c20171222$lBLL01$h2151
=CAT  \\$aIPL-CLA$c20171231$lBLL01$h1735
=CAT  \\$aBATCH-CLA$b00$c20191219$lBLL01$h1747
=CAT  \\$aIPL-CLA$c20191231$lBLL01$h2006
=CAT  \\$aR2001-1524$c20200127$lBLL01$h2040
=CAT  \\$aBATCH-CLA$b00$c20201204$lBLL01$h1555
=CAT  \\$aIPL-CLA$c20201231$lBLL01$h1531
=CAT  \\$aBATCH-CLA$b00$c20221221$lBLL01$h1908
=CAT  \\$aIPL-CLA$c20221231$lBLL01$h1449
=CFI  0\$aCurrent Copyright Fee: GBP25.00$c0$e01-jan-2023$fGBP25.00$g0$hA$5Uk
=CFI  2\$aPrevious Copyright Fee: GBP22.50$c0$e01-jan-2021$fGBP22.50$g0$hA$5Uk
=EST  \\$a1
=FIN  \\$aY$d20080901
=MNI  \\$a1000-8713
=TCO  \\$aNLD$bSTICHTING REPRORECHT$c008
=TOC  \\$aETOC
=ACF  \\$aPrevious copyright fee: GBP9.00$c0$e01-apr-2010$fGBP9.00$g0$hA$5Uk
=ACF  \\$aPrevious copyright fee: GBP6.00$c0$e26-aug-2009$fGBP6.00$g0$hA$5Uk
=ACF  \\$aCurrent copyright fee: GBP20.00$c5\1$e01-jan-2009$fGBP20.00$g0$hP$5Uk
=ACF  \\$aPrevious copyright fee: GBP19.00$c5\1$e30-jul-2008$fGBP19.00$g0$hP$5Uk
=ACF  \\$aPrevious copyright fee: GBP10.50$c0$e01-jan-2011$fGBP10.50$g0$hA$5Uk
=ACF  \\$aPrevious copyright fee: GBP12.00$c0$e01-jan-2012$fGBP12.00$g0$hA$5Uk
=ACF  \\$aPrevious Copyright Fee: GBP12.30$c0$e01-jan-2014$fGBP12.30$g0$hA$5Uk
=ACF  \\$aPrevious Copyright Fee: GBP15.00$c0$e01-jan-2017$fGBP15.00$g0$hA$5Uk
=ACF  \\$aPrevious Copyright Fee: GBP17.50$c0$e01-jan-2018$fGBP17.50$g0$hA$5Uk
=ACF  \\$aPrevious Copyright Fee: GBP20.00$c0$e01-jan-2020$fGBP20.00$g0$hA$5Uk
=LAS  \\$aIPL-CLA$b00$c20221231$lBLL01$h1449

