=LDR  04273cas a2200925 a 4500
=001  014683069
=003  Uk
=005  20221231144927.0
=006  m\\\\\\\\d\\\\\\\\
=007  cr\|||||||||||
=008  080801c19969999cc\qr\p\s\\\\\0\\\a0eng\\
=FMT  \\$a  SE
=022  \\$y1004-4132
=040  \\$aUk$beng$cUk$dUk
=042  \\$aukblsr
=082  04$a620.0092$222
=130  0\$aJournal of systems engineering and electronics (Online)
=245  10$aJournal of systems engineering and electronics$h[electronic resource].
=260  \\$a[Amsterdam] :$bElsevier
=260  3\$32009-$a[S.l] :$bSystems Engineering Society of China
=336  \\$atext$2rdacontent
=337  \\$acomputer$2rdamedia
=338  \\$aonline resource$2rdacarrier
=538  \\$aMode of access: World Wide Web.
=580  \\$aPrevious print publication entitled: Journal of systems engineering and electronics
=500  \\$aDescription based on: Vol. 17, issue 1 (Mar. 2006); title from ScienceDirect, viewed Sept. 19, 2008).
=540  \\$aCurrent Copyright Fee: GBP25.00$c0$5Uk
=650  \0$aSystems engineering$vPeriodicals.
=650  \0$aElectronics$vPeriodicals.
=776  0\$tJournal of systems engineering and electronics$x1671-1793
=780  00$tChinese journal of systems engineering and electronics$x1004-4132
=856  40$uhttp://www.sciencedirect.com/science/journal/10044132
=852  41$aBritish Library$bDSC$j5068.073510$3Volume 17:Issue 1(2006)-Volume 19:Issue 6 (2008)***See ESTAR for full holdings.
=945  \\$aJournal of systems engineering and electronics -English edition-
=959  \\$fHeld but not currently received
=CAT  \\$a8180$b40$c20080801$lBLL01$h1113
=CAT  \\$a5997$b40$c20100303$lBLL01$h0923
=CAT  \\$aBATCH-UPD$b40$c20100331$lBLL01$h2349
=CAT  \\$aBATCH-UPD$b40$c20100401$lBLL01$h0303
=CAT  \\$aBATCH$b00$c20100401$lBLL01$h0607
=CAT  \\$aBATCH$b00$c20100401$lBLL01$h1640
=CAT  \\$aBATCH-UPD$b00$c20101124$lBLL01$h1952
=CAT  \\$aBATCH-UPD$b00$c20101125$lBLL01$h1218
=CAT  \\$aIPL-CLA$c20101231$lBLL01$h1525
=CAT  \\$a5552$b40$c20110915$lBLL01$h1600
=CAT  \\$aWR11_203$c20111204$lBLL01$h1514
=CAT  \\$aIPL-CLA$c20111230$lBLL01$h2031
=CAT  \\$aBATCH-CLA$b00$c20121109$lBLL01$h1722
=CAT  \\$aBATCH-CLA$c20131220$lBLL01$h2058
=CAT  \\$aIPL-CLA$c20140101$lBLL01$h0058
=CAT  \\$aBATCH-CLA$b00$c20161222$lBLL01$h1823
=CAT  \\$aIPL-CLA$c20161230$lBLL01$h2309
=CAT  \\$aBATCH-CLA$b00$c20171222$lBLL01$h2151
=CAT  \\$aIPL-CLA$c20171231$lBLL01$h1736
=CAT  \\$aBATCH-CLA$b00$c20191219$lBLL01$h1747
=CAT  \\$aIPL-CLA$c20191231$lBLL01$h2006
=CAT  \\$aR2001-1524$c20200127$lBLL01$h2040
=CAT  \\$aBATCH-CLA$b00$c20201204$lBLL01$h1555
=CAT  \\$aIPL-CLA$c20201231$lBLL01$h1531
=CAT  \\$aBATCH-CLA$b00$c20221221$lBLL01$h1908
=CAT  \\$aIPL-CLA$c20221231$lBLL01$h1449
=CFI  0\$aCurrent Copyright Fee: GBP25.00$c0$e01-jan-2023$fGBP25.00$g0$hA$5Uk
=CFI  2\$aPrevious Copyright Fee: GBP22.50$c0$e01-jan-2021$fGBP22.50$g0$hA$5Uk
=EST  \\$a1
=FIN  \\$aY$d20081002
=LKR  \\$aPAR$b010492453$lBLL01$r776$mJournal of systems engineering and electronics (Online)$nJournal of systems engineering and electronics (Print)
=MNI  \\$a1671-1793
=TCO  \\$aNLD$bSTICHTING REPRORECHT$c008
=TOC  \\$aETOC
=ACF  \\$aPrevious copyright fee: GBP9.00$c0$e01-apr-2010$fGBP9.00$g0$hA$5Uk
=ACF  \\$aPrevious copyright fee: GBP6.00$c0$e13-aug-2009$fGBP6.00$g0$hA$5Uk
=ACF  \\$aCurrent copyright fee: GBP20.00$c5\1$e01-jan-2009$fGBP20.00$g0$hP$5Uk
=ACF  \\$aPrevious copyright fee: GBP19.00$c5\1$e01-aug-2008$fGBP19.00$g0$hP$5Uk
=ACF  \\$aPrevious copyright fee: GBP10.50$c0$e01-jan-2011$fGBP10.50$g0$hA$5Uk
=ACF  \\$aPrevious copyright fee: GBP12.00$c0$e01-jan-2012$fGBP12.00$g0$hA$5Uk
=ACF  \\$aPrevious Copyright Fee: GBP12.30$c0$e01-jan-2014$fGBP12.30$g0$hA$5Uk
=ACF  \\$aPrevious Copyright Fee: GBP15.00$c0$e01-jan-2017$fGBP15.00$g0$hA$5Uk
=ACF  \\$aPrevious Copyright Fee: GBP17.50$c0$e01-jan-2018$fGBP17.50$g0$hA$5Uk
=ACF  \\$aPrevious Copyright Fee: GBP20.00$c0$e01-jan-2020$fGBP20.00$g0$hA$5Uk
=LAS  \\$aIPL-CLA$b00$c20221231$lBLL01$h1449

