=LDR  04323cas a2200985 a 4500
=001  014683748
=003  Uk
=005  20221231144927.0
=006  m\\\\\\\\|\\\\\\\\
=007  cr\|||||||||||
=008  061213c19859999cc\mr\p\s\\\\\0\\\a0eng\d
=FMT  \\$a  SE
=022  \\$a1872-1508
=035  \\$a(OCoLC)151292554$z(OCoLC)229992498
=040  \\$aUk$beng$cUk$dUk
=042  \\$aukblsr
=050  \4$aQD450$b.A28
=082  04$a541.305$222
=222  \0$aActa physico-chimica Sinica
=245  00$aActa physico-chimica Sinica$h[electronic resource].
=246  13$aActa phys.-chim. Sin
=260  \\$a[Amsterdam] :$bElsevier
=310  \\$aMonthly
=336  \\$atext$2rdacontent
=337  \\$acomputer$2rdamedia
=338  \\$aonline resource$2rdacarrier
=362  1\$aPrint began in 1985.
=500  \\$aDescription based on: vol. 22, no. 3 (Mar. 2006); title from title screen (ScienceDirect, viewed Jan. 15, 2008).
=500  \\$aLatest issue consulted: Vol. 24, issue 12 (Dec. 2008) (viewed Jan. 14, 2010).
=500  \\$a"Publishes a selection of papers from the original Chinese version. Citation information refers to the original papers".
=500  \\$a"Transferred to the Chinese Chemical Society as of 2009".
=538  \\$aMode of access: World Wide Web.
=540  \\$aCurrent Copyright Fee: GBP25.00$c0$5Uk
=650  \0$aChemistry, Physical and theoretical$vPeriodicals.
=730  0\$aWuli huaxue xuebao$lEnglish (Online)
=775  08$iIssued also in Chinese:$tWuli huaxue xuebao (Online)
=856  40$uhttp://www.sciencedirect.com/science/journal/18721508
=852  41$aBritish Library$bDSC$j0650.655000$3Volume 22:Issue 3(2006)-Volume 24:Issue 12(2008)***See ESTAR for full holdings.
=945  \\$aActa physico chimica sinica
=959  \\$fHeld but not currently received
=CAT  \\$a8464$b40$c20080804$lBLL01$h0959
=CAT  \\$a11249$b40$c20100312$lBLL01$h0955
=CAT  \\$aBATCH-UPD$b40$c20100331$lBLL01$h2349
=CAT  \\$aBATCH-UPD$b40$c20100401$lBLL01$h0303
=CAT  \\$aBATCH$b00$c20100401$lBLL01$h0607
=CAT  \\$aBATCH$b00$c20100401$lBLL01$h1640
=CAT  \\$aBATCH-UPD$b00$c20101124$lBLL01$h1952
=CAT  \\$aBATCH-UPD$b00$c20101125$lBLL01$h1218
=CAT  \\$aIPL-CLA$c20101231$lBLL01$h1525
=CAT  \\$a5552$b40$c20110915$lBLL01$h1537
=CAT  \\$aWR11_203$c20111204$lBLL01$h1514
=CAT  \\$aIPL-CLA$c20111230$lBLL01$h2031
=CAT  \\$aBATCH-CLA$b00$c20121109$lBLL01$h1722
=CAT  \\$aBATCH-CLA$c20131220$lBLL01$h2058
=CAT  \\$aIPL-CLA$c20140101$lBLL01$h0058
=CAT  \\$aBATCH-CLA$b00$c20161222$lBLL01$h1823
=CAT  \\$aIPL-CLA$c20161230$lBLL01$h2309
=CAT  \\$aBATCH-CLA$b00$c20171222$lBLL01$h2151
=CAT  \\$aIPL-CLA$c20171231$lBLL01$h1736
=CAT  \\$aBATCH-CLA$b00$c20191219$lBLL01$h1747
=CAT  \\$aIPL-CLA$c20191231$lBLL01$h2006
=CAT  \\$aR2001-1524$c20200127$lBLL01$h2040
=CAT  \\$aBATCH-CLA$b00$c20201204$lBLL01$h1555
=CAT  \\$aIPL-CLA$c20201231$lBLL01$h1531
=CAT  \\$aBATCH-CLA$b00$c20221221$lBLL01$h1908
=CAT  \\$aIPL-CLA$c20221231$lBLL01$h1449
=CFI  0\$aCurrent Copyright Fee: GBP25.00$c0$e01-jan-2023$fGBP25.00$g0$hA$5Uk
=CFI  2\$aPrevious Copyright Fee: GBP22.50$c0$e01-jan-2021$fGBP22.50$g0$hA$5Uk
=EST  \\$a1
=FIN  \\$aY$d20100114
=MNI  \\$a1872-1508
=SID  \\$aZ39$bOCLC
=TCO  \\$aNLD$bSTICHTING REPRORECHT$c008
=TOC  \\$aETOC
=ACF  \\$aPrevious copyright fee: GBP9.00$c0$e01-apr-2010$fGBP9.00$g0$hA$5Uk
=ACF  \\$aPrevious copyright fee: GBP6.00$c0$e28-jul-2009$fGBP6.00$g0$hA$5Uk
=ACF  \\$aCurrent copyright fee: GBP20.00$c5\1$e01-jan-2009$fGBP20.00$g0$hP$5Uk
=ACF  \\$aPrevious copyright fee: GBP19.00$c5\1$e04-aug-2008$fGBP19.00$g0$hP$5Uk
=ACF  \\$aPrevious copyright fee: GBP10.50$c0$e01-jan-2011$fGBP10.50$g0$hA$5Uk
=ACF  \\$aPrevious copyright fee: GBP12.00$c0$e01-jan-2012$fGBP12.00$g0$hA$5Uk
=ACF  \\$aPrevious Copyright Fee: GBP12.30$c0$e01-jan-2014$fGBP12.30$g0$hA$5Uk
=ACF  \\$aPrevious Copyright Fee: GBP15.00$c0$e01-jan-2017$fGBP15.00$g0$hA$5Uk
=ACF  \\$aPrevious Copyright Fee: GBP17.50$c0$e01-jan-2018$fGBP17.50$g0$hA$5Uk
=ACF  \\$aPrevious Copyright Fee: GBP20.00$c0$e01-jan-2020$fGBP20.00$g0$hA$5Uk
=LAS  \\$aIPL-CLA$b00$c20221231$lBLL01$h1449

