=LDR  04129 as a2200949 a 4500
=001  014761661
=003  Uk
=005  20211006153023.0
=006  m\\\\\\\\|\\\\\\\\
=007  cr\|||||||||||
=008  080905c20079999ch\qr\p\s\\\\\0\\\a0eng\d
=FMT  \\$a  SE
=022  0\$a1873-958X$y1873-9598
=035  \\$a(OCoLC)245509794
=040  \\$aHNK$cHNK$dUk
=042  \\$aukblsr
=082  04$a618.97025$222
=130  0\$aInternational journal of gerontology (Online)
=222  \0$aInternational journal of gerontology$b(Singapore. Online)
=245  10$aInternational journal of gerontology$h[electronic resource].
=260  \\$a[Amsterdam] :$bElsevier
=264  31$32019-$a[Taipei?] :$bTaiwan Society of Geriatric Emergency and Critical Care Medicine
=310  \\$aQuarterly
=336  \\$atext$2rdacontent
=337  \\$acomputer$2rdamedia
=338  \\$aonline resource$2rdacarrier
=362  1\$aPrint began with vol. 1, no. 1 (Mar. 2007).
=538  \\$aMode of access: World Wide Web.
=500  \\$aDescription based on: vol. 2, no. 1 (Mar. 2008); title from title screen (ScienceDirect, viewed Sept. 4, 2008).
=588  \\$aLatest issue consulted: volume 15, issue 3 (July 2021) (publisher's website, viewed October 5, 2021).
=650  \0$aGeriatrics$vPeriodicals.
=650  \0$aGerontology$vPeriodicals.
=650  \0$aCritical care medicine$vPeriodicals.
=650  \0$aEmergency medicine$vPeriodicals.
=710  2\$aTaiwan Society of Geriatric Emergency and Critical Care Medicine,$eissuing body.
=776  08$iPrint version:$tInternational journal of gerontology$x1873-9598
=856  40$uhttp://www.sgecm.org.tw/ijge/journal/
=856  40$uhttp://www.sciencedirect.com/science/journal/18739598
=852  41$aBritish Library$bDSC$j4542.266800$3Volume 1:Issue 1(2007)-Volume 4:Issue 4(2010)***See ESTAR for full holdings.
=945  \\$aInternational journal of gerontology
=959  \\$fHeld but not currently received
=CAT  \\$a8464$b40$c20080924$lBLL01$h1335
=CAT  \\$aBATCH-UPD$b40$c20090101$lBLL01$h0057
=CAT  \\$aBATCH$b00$c20090101$lBLL01$h0233
=CAT  \\$a3072$b40$c20090126$lBLL01$h1143
=CAT  \\$a3072$b40$c20090126$lBLL01$h1405
=CAT  \\$aBATCH-UPD$b40$c20111123$lBLL01$h1854
=CAT  \\$aIPL-CLA$c20111230$lBLL01$h2032
=CAT  \\$aCDS12-UPD$b40$c20120206$lBLL01$h1842
=CAT  \\$aBATCH-CLA$b00$c20121109$lBLL01$h1722
=CAT  \\$aBATCH-UPD$b00$c20121121$lBLL01$h1659
=CAT  \\$aIPL-CLA$c20121231$lBLL01$h1326
=CAT  \\$aIPL-CLA$c20130102$lBLL01$h1757
=CAT  \\$aBATCH-CLA$b00$c20130526$lBLL01$h1703
=CAT  \\$aBLDSS-3PM$b00$c20141222$lBLL01$h1718
=CAT  \\$a5410$b40$c20160831$lBLL01$h0916
=CAT  \\$aBATCH-UPD$b40$c20171121$lBLL01$h1750
=CAT  \\$aIPL-CLA$c20171231$lBLL01$h1737
=CAT  \\$a12654$b40$c20190416$lBLL01$h1156
=CAT  \\$aDEL-3PM$c20190424$lBLL01$h1558
=CAT  \\$aBATCH-CLA$b00$c20191219$lBLL01$h1747
=CAT  \\$aIPL-CLA$c20191231$lBLL01$h2007
=CAT  \\$aR2001-1524$c20200127$lBLL01$h2041
=CAT  \\$aBATCH-CLA$b00$c20201204$lBLL01$h1555
=CAT  \\$aIPL-CLA$c20201231$lBLL01$h1531
=CAT  \\$a8124$b40$c20211005$lBLL01$h0857
=CAT  \\$a5552$b40$c20211006$lBLL01$h1530
=EST  \\$a1
=FIN  \\$aY$d20090126
=LKR  \\$aPAR$b014570322$lBLL01$r776$mInternational journal of gerontology$nInternational journal of gerontology (Singapore. Print)
=MNI  \\$a1873-9598
=SID  \\$aZ39$bOCLC
=TCO  \\$aNLD$bSTICHTING REPRORECHT$c008
=TCO  \\$aZZZ$c008
=TOC  \\$aETOC
=ACF  \\$aPrevious copyright fee: GBP19.00$c5\1$e24-sep-2008$fGBP19.00$g0$hP$5Uk
=ACF  \\$aPrevious copyright fee: GBP20.00$c5\1$e01-jan-2009$fGBP20.00$g0$hP$5Uk
=ACF  \\$aPrevious copyright fee: GBP21.00$c5\1$e01-jan-2012$fGBP21.00$g0$hP$5Uk
=ACF  \\$aPrevious copyright fee: GBP23.40$c5\1$e01-jan-2018$fGBP23.40$g0$hP$5Uk
=ACF  \\$aPrevious copyright fee: GBP22.50$c5\1$e01-jan-2013$fGBP22.50$g0$hP$5Uk
=ACF  \\$aPrevious copyright fee: GBP17.50$c0$e16-apr-2019$fGBP17.50$g0$hA$5Uk
=LAS  \\$a5552$b40$c20211006$lBLL01$h1530

