=LDR  04648cas a2201045 a 4500
=001  014784823
=003  Uk
=005  20221231144935.0
=006  m\\\\\\\\d\\\\\\\\
=007  cr\|||||||||||
=008  071029c19899999enkqr\pss\\\\\|\\\\0eng\c
=FMT  \\$a  SE
=010  \\$a2007216140
=015  \\$aGBA8C2662$2bnb
=022  0\$a1934-6220$y0962-7251
=035  \\$a(OCoLC)179677110
=040  \\$aNSD$cNSD$dBUF$dUk
=042  \\$aukblsr
=050  10$aISSN RECORD
=082  04$a364$222
=245  00$aCriminal justice matters$h[electronic resource].
=246  13$aCJM
=260  \\$aLondon :$bInstitute for the Study and Treatment of Delinquency, King's College London.
=260  3\$32008-$aAbingdon :$bRoutledge
=310  \\$aQuarterly
=336  \\$atext$2rdacontent
=337  \\$acomputer$2rdamedia
=338  \\$aonline resource$2rdacarrier
=362  1\$aBegan with Vol. 1, no. 1 (Spring 1989).
=500  \\$aDescription based on first issue; title from available issues screen (informaworld, viewed July 10, 2008).
=500  \\$aLatest issue consulted: Vol. 72, no. 1 (2008) (informaworld, viewed July 10, 2008).
=500  \\$a"The magazine of the Centre for Crime and Justice Studies, King's College London."
=540  \\$aCurrent Copyright Fee: GBP25.00$c0$5Uk
=650  \0$aCriminal justice, Administration of$zGreat Britain$vPeriodicals.
=650  \0$aCriminal law$zGreat Britain$vPeriodicals.
=690  7\$aSocial Welfare$2blcoll
=710  2\$aInstitute for the Study and Treatment of Delinquency (Great Britain)
=776  08$aAlso issued in print:$tCJM$x0962-7251
=856  40$uhttp://www.informaworld.com/openurl?genre=journal&issn=0962%2d7251
=852  41$aBritish Library$bDSC$j3274.273400$3Volume 67(2007)-Volume 86(2011)***See ESTAR for full holdings.
=945  \\$aCJM -London-
=959  \\$fHeld but not currently received
=CAT  \\$a3072$b40$c20081023$lBLL01$h1015
=CAT  \\$aIPL-CLA$c20130102$lBLL01$h1757
=CAT  \\$aBATCH-UPD$b00$c20131119$lBLL01$h2001
=CAT  \\$aIPL-CLA$c20140101$lBLL01$h0101
=CAT  \\$aBATCH-UPD$b00$c20141124$lBLL01$h1804
=CAT  \\$aBLDSS-3PM$b00$c20141130$lBLL01$h1250
=CAT  \\$aIPL-CLA$c20141231$lBLL01$h1659
=CAT  \\$aBATCH-UPD$b00$c20151119$lBLL01$h1545
=CAT  \\$aIPL-CLA$c20151231$lBLL01$h1929
=CAT  \\$aBATCH-UPD$b00$c20161122$lBLL01$h1514
=CAT  \\$aBATCH-UPD$b00$c20161122$lBLL01$h1621
=CAT  \\$aIPL-CLA$c20161230$lBLL01$h2313
=CAT  \\$aBATCH-UPD$b00$c20171121$lBLL01$h1649
=CAT  \\$aIPL-CLA$c20171231$lBLL01$h1738
=CAT  \\$aBATCH-UPD$b00$c20181217$lBLL01$h1639
=CAT  \\$aIPL-CLA$c20181231$lBLL01$h1548
=CAT  \\$a12654$b40$c20190520$lBLL01$h1118
=CAT  \\$a12654$b40$c20190520$lBLL01$h1119
=CAT  \\$aDEL-3PM$c20190530$lBLL01$h0834
=CAT  \\$aBATCH-CLA$b00$c20191219$lBLL01$h1748
=CAT  \\$aIPL-CLA$c20191231$lBLL01$h2007
=CAT  \\$aR2001-1524$c20200127$lBLL01$h2041
=CAT  \\$aBATCH-CLA$b00$c20201204$lBLL01$h1555
=CAT  \\$aIPL-CLA$c20201231$lBLL01$h1531
=CAT  \\$aBATCH-CLA$b00$c20221221$lBLL01$h1909
=CAT  \\$aIPL-CLA$c20221231$lBLL01$h1449
=CFI  0\$aCurrent Copyright Fee: GBP25.00$c0$e01-jan-2023$fGBP25.00$g0$hA$5Uk
=CFI  2\$aPrevious Copyright Fee: GBP22.50$c0$e01-jan-2021$fGBP22.50$g0$hA$5Uk
=EST  \\$a1
=FIN  \\$aY$d20081023
=MNI  \\$a0962-7251
=SID  \\$aZ39$bOCLC
=TCO  \\$aCLA$bCLA$c008
=TOC  \\$aETOC
=ACF  \\$aPrevious copyright fee: GBP17.00$c2\0$e01-jan-2010$fGBP17.00$g0$hP$5Uk
=ACF  \\$aPrevious copyright fee: GBP16.00$c2\0$e24-mar-2009$fGBP16.00$g0$hP$5Uk
=ACF  \\$aPrevious copyright fee: GBP21.00$c2\0$e01-jan-2011$fGBP21.00$g0$hP$5Uk
=ACF  \\$aPrevious copyright fee: GBP23.00$c2\0$e01-jan-2012$fGBP23.00$g0$hP$5Uk
=ACF  \\$aPrevious copyright fee: GBP23.50$c2\0$e01-jan-2013$fGBP23.50$g0$hP$5Uk
=ACF  \\$aPrevious copyright fee: GBP24.00$c2\0$e01-jan-2014$fGBP24.00$g0$hP$5Uk
=ACF  \\$aPrevious copyright fee: GBP25.00$c2\0$e01-jan-2015$fGBP25.00$g0$hP$5Uk
=ACF  \\$aPrevious copyright fee: GBP26.00$c2\0$e01-jan-2016$fGBP26.00$g0$hP$5Uk
=ACF  \\$aPrevious copyright fee: GBP28.00$c2\0$e01-jan-2017$fGBP28.00$g0$hP$5Uk
=ACF  \\$aPrevious copyright fee: GBP32.00$c2\0$e01-jan-2019$fGBP32.00$g0$hP$5Uk
=ACF  \\$aPrevious copyright fee: GBP30.00$c2\0$e01-jan-2018$fGBP30.00$g0$hP$5Uk
=ACF  \\$aPrevious copyright fee: GBP17.50$c0$e20-may-2019$fGBP17.50$g0$hA$5Uk
=ACF  \\$aPrevious Copyright Fee: GBP20.00$c0$e01-jan-2020$fGBP20.00$g0$hA$5Uk
=LAS  \\$aIPL-CLA$b00$c20221231$lBLL01$h1449

